3178 5018
751 353 958 417 ,80-

272 561 335 606 non
360 540 573 622 „habebitur’'.
618 541 726 624 Neque
759 541 886 606 omnino
919 540 987 606 sola
1019 541 1205 606 imminendi
1228 541 1314 606 notio
1338 541 1437 621 signi·

274 652 385 718 ficatur
406 653 545 718 instandi
567 652 684 730 vocc1).
730 651 809 716 Tota
830 653 926 733 igitur
948 653 1025 718 hacc
1047 653 1199 737 temporis
1223 652 1436 718 constituendi

271 765 351 830 ratio
374 771 409 829 ut
429 783 510 829 vana
532 763 739 848 relinquenda
762 770 818 829 est.

356 873 411 939 Eis
446 882 547 940 autem
582 875 787 958 carminibus,
813 895 892 958 quae
915 882 1045 960 propter
1067 875 1221 960 triumphi
1246 875 1437 940 mentionem

258 985 344 1072 ‘post
365 1007 504 1052 mensem
527 985 705 1052 Ianuarium
730 987 802 1050 anni
831 987 945 1060 131166
968 987 1145 1072 composita
1164 1007 1238 1052 essa
1254 993 1385 1065 constat,
1402 985 1435 1050 id

257 1097 494 1178 adiungamus,
532 1098 615 1181 quod
639 1097 738 1163 solum
763 1102 857 1163 autea
878 1104 979 1164 ortum
1014 1119 1084 1162 csse
1121 1096 1299 1163 confirmari
1322 1101 1435 1182 potest.

271 1209 403 1274 Carmen
428 1208 595 1290 11811111,
620 1208 652 1273 in
671 1229 731 1292 quo
750 1229 818 1273 cnm
836 1209 913 1274 haec
928 1216 1000 1274 vota
1016 1229 1072 1293 pro
1084 1209 1176 1274 Livia
1192 1209 1324 1274 edantur
1341 1229 1367 1272 v.
1380 1207 1436 1272 49:

422 1320 474 1384 Sic
497 1323 558 1384 tibi
580 1325 714 1399 mature,
737 1323 868 1385 fraterni
890 1321 1010 1384 funeris
1034 1323 1129 1400 ultor,
1291 1297 1294 1306 ¹

473 1433 653 1513 Purpureus
676 1435 777 1497 niveis
799 1435 887 1498 filius
910 1435 1008 1497 instet
1030 1436 1131 1514 cquis.

268 1543 337 1607 iure
371 1542 693 1608 Graeberusstatuit
727 1548 770 1628 (p.
795 1543 876 1625 vlu)
911 1546 1103 1629 triumphum
1133 1543 1260 1612 Tiberio
1296 1544 1434 1609 nondum

228 1713 229 1722 ,
271 1654 447 1720 obvenisse.

240 1755 241 1760 ’
359 1765 421 1830 Sex
447 1766 545 1848 igitur
571 1765 712 1850 epistolis
742 1765 801 1832 hoc
828 1765 958 1832 alterum
986 1768 1159 1831 carminum
1183 1787 1282 1848 genus
1306 1771 1437 1843 causat,

267 1895 346 1960 quas
382 1897 462 1940 anno
498 1878 612 1949 131166
634 1877 702 1942 iure
726 1877 934 1942 attribuimus
981 1878 1110 1943 Ceteras
1134 1897 1249 1961 acque,
1285 1897 1321 1941 ao
1343 1876 1380 1958 11,
1405 1878 1437 1959 8,

267 1994 339 2053 ante
367 1988 558 2074 triumphum
583 1991 776 2073 compositas
801 2008 888 2067 essa,
918 1988 984 2054 solo
1008 1989 1132 2054 silentio
1156 1989 1295 2054 noudum
1319 1978 1435 2072 proba-

267 2106 326 2165 tur.
372 2097 434 2164 Sed
458 2101 491 2164 in
515 2100 561 2164 eis
586 2120 709 2183 quoque
732 2099 900 2164 nonnullae
923 2101 1243 2183 inveniuntur-„quae
1257 2105 1435 2183 temporum

265 2207 393 2275 indiciis
416 2231 477 2275 non
501 2216 618 2277 carent.
665 2210 802 2288 Quarum
827 2217 947 2296 partam
971 2212 1033 2275 iam
1056 2223 1153 2296 supra
1167 2197 1342 2292 attigimus.
1365 2225 1435 2276 uum

267 2341 346 2405 qnae
381 2322 514 2408 epistola
546 2324 653 2408 prius,
688 2342 768 2406 quae
800 2325 959 2408 posterius
984 2323 1023 2386 ad
1047 2323 1179 2388 eundem
1204 2323 1337 2388 amicum
1363 2323 1437 2386 data

267 2433 436 2517 videretur,
462 2433 737 2518 persequebamur.
763 2471 803 2482 -

354 2545 459 2610 Prima
481 2552 584 2610 autem
609 2546 744 2611 occurrit
766 2545 900 2631 epistola
914 2545 938 2625 1,
956 2547 975 2612 3
998 2545 1102 2611 Rufini
1126 2547 1254 2611 nomine
1269 2546 1433 2630 inscripta.

267 2655 363 2736 Vide,
388 2676 450 2740 qua
473 2657 593 2723 ratione
616 2663 709 2741 poeta
732 2664 882 2742 exponat,
912 2667 1105 2742 quantopere
1128 2656 1262 2742 epistola
1283 2677 1302 2721 a
1324 2655 1435 2721 Rufino

266 2774 395 2852 accepta
417 2768 522 2833 animo
546 2768 746 2834 confirmatus
770 2770 811 2834 sit
833 2789 860 2836 v.
879 2771 915 2835 7:

417 2879 471 2944 Sic
494 2899 561 2960 ago,
584 2884 689 2946 mento
711 2882 818 2945 iacens
841 2884 872 2945 et
894 2883 1007 2946 acerbo
1031 2881 1160 2946 saueius
1183 2881 1260 2962 ictu,

468 2992 646 3056 Admonitu
667 2993 758 3074 coepi
779 2993 891 3056 fortior
912 3011 982 3057 esse
1003 2996 1069 3056 tuo.

351 3101 438 3178 Quae
462 3102 489 3168 si
511 3108 616 3169 mente
638 3122 701 3168 non
725 3111 958 3188 praeoccupata
989 3103 1136 3185 legimus,
1170 3101 1210 3168 dc
1234 3122 1270 3167 co
1291 3108 1435 3186 tempore

267 3214 440 3295 cogitemus
473 3234 604 3278 necesse
639 3218 702 3294 est,
738 3233 799 3298 quo
828 3220 922 3300 pobta
950 3215 1093 3299 aprima
1116 3214 1214 3278 animi
1237 3213 1436 3294 aegritudine

267 3325 428 3412 paululum
452 3327 587 3391 refectus
611 3331 667 3391 ost.
713 3325 783 3411 lpse
806 3328 889 3391 enim
913 3327 1045 3406 indicat,
1069 3333 1197 3411 pectora
1220 3343 1277 3391 sua
1293 3324 1434 3389 nondum

267 3435 360 3522 plane
384 3443 494 3502 sanata
516 3457 602 3502 esse:
626 3438 709 3520 quod
732 3457 795 3502 non
818 3438 934 3503 factum
954 3437 1006 3517 iri,
1030 3437 1092 3502 nisi
1115 3435 1338 3519 longoaliquo
1353 3440 1436 3499 tem-

266 3550 354 3635 poris
378 3550 478 3634 spatio
502 3551 731 3634 praeterlapso:
754 3550 793 3614 cf.
817 3570 844 3616 v.
864 3550 918 3614 15:

418 3661 571 3743 Tempore
594 3663 727 3726 ducetur
747 3664 841 3742 longo
863 3663 998 3726 fortasse
1012 3659 1165 3726 cicatrix:

468 3773 604 3838 Horreut
626 3775 771 3838 admotas
792 3775 925 3837 vulnera
952 3774 1050 3852 cruda
1071 3764 1186 3836 manus

762 3889 794 3948 et
816 3887 856 3948 25
879 3903 940 3966 sq.:

419 3996 501 4061 Cura
523 4015 648 4078 quoque
670 3997 832 4061 interdum
854 3997 944 4060 nulla
965 3995 1166 4060 medicabilis
1189 3997 1265 4071 arte,

469 4108 546 4188 Aut,
568 4113 606 4172 ut
628 4108 680 4188 sit,
703 4109 869 4188 longeest
891 4108 1087 4172 attenuanda
1108 4124 1207 4170 mora.

336 4346 712 4417 ι111.1Ιοτ.1111ο(1.15,10.
748 4345 805 4403 (iic.
825 4345 1041 4414 1111111116.
1076 4344 1153 4399 Aust.
1172 4343 1207 4397 ad
1225 4341 1340 4398 Heroon.
1359 4340 1439 4405 11,5.
