<?xml version="1.0" encoding="UTF-8"?>
<!DOCTYPE html PUBLIC "-//W3C//DTD XHTML 1.0 Transitional//EN"
    "http://www.w3.org/TR/xhtml1/DTD/xhtml1-transitional.dtd">
<html xmlns="http://www.w3.org/1999/xhtml" xml:lang="en" lang="en">
 <head>
  <title>
</title>
<meta http-equiv="Content-Type" content="text/html;charset=utf-8" />
  <meta name='ocr-system' content='tesseract 3.04.00' />
  <meta name='ocr-capabilities' content='ocr_page ocr_carea ocr_par ocr_line ocrx_word'/>
</head>
<body>
  <div class='ocr_page' id='page_1' title='image "./quaestionesovid00wartgoog_0098.png"; bbox 0 0 3178 5018; ppageno 0'>
   <div class='ocr_carea' id='block_1_1' title="bbox 658 333 868 396">
    <p class='ocr_par' dir='ltr' id='par_1_1' title="bbox 658 333 868 396">
     <span class='ocr_line' id='line_1_1' title="bbox 658 333 868 396; baseline 0.019 -18"><span class='ocrx_word' id='word_1_1' title='bbox 658 333 868 396; x_wconf 60' lang='lat'>..89-</span> 
     </span>
    </p>
   </div>
   <div class='ocr_carea' id='block_1_2' title="bbox 116 483 1348 1048">
    <p class='ocr_par' dir='ltr' id='par_1_2' title="bbox 116 483 1348 1048">
     <span class='ocr_line' id='line_1_2' title="bbox 116 483 1348 604; baseline -0.003 -20"><span class='ocrx_word' id='word_1_2' title='bbox 116 559 119 563; x_wconf 92' lang='lat'><em>-</em></span> <span class='ocrx_word' id='word_1_3' title='bbox 182 519 279 601; x_wconf 81' lang='lat' dir='ltr'>igitur</span> <span class='ocrx_word' id='word_1_4' title='bbox 301 518 526 604; x_wconf 83' lang='lat' dir='ltr'>disputationis</span> <span class='ocrx_word' id='word_1_5' title='bbox 550 538 590 583; x_wconf 35' lang='lat' dir='ltr'>ea*</span> <span class='ocrx_word' id='word_1_6' title='bbox 609 483 668 584; x_wconf 72' lang='lat' dir='ltr'>est.</span> <span class='ocrx_word' id='word_1_7' title='bbox 700 524 923 599; x_wconf 78' lang='lat' dir='ltr'>atstatuatur,</span> <span class='ocrx_word' id='word_1_8' title='bbox 958 517 1117 584; x_wconf 84' lang='lat' dir='ltr'>contineri</span> <span class='ocrx_word' id='word_1_9' title='bbox 1136 517 1238 582; x_wconf 84' lang='lat' dir='ltr'>tribus</span> <span class='ocrx_word' id='word_1_10' title='bbox 1259 518 1348 601; x_wconf 88' lang='lat' dir='ltr'>prio-</span> 
     </span>
     <span class='ocr_line' id='line_1_3' title="bbox 140 628 1346 715; baseline -0.003 -19"><span class='ocrx_word' id='word_1_11' title='bbox 140 690 144 696; x_wconf 84' lang='lat'><em>.</em></span> <span class='ocrx_word' id='word_1_12' title='bbox 180 630 479 714; x_wconf 82' lang='lat' dir='ltr'>ribusPontioarum</span> <span class='ocrx_word' id='word_1_13' title='bbox 490 629 697 713; x_wconf 87' lang='lat' dir='ltr'>epistolarum</span> <span class='ocrx_word' id='word_1_14' title='bbox 711 628 801 694; x_wconf 90' lang='lat' dir='ltr'>libris</span> <span class='ocrx_word' id='word_1_15' title='bbox 814 629 964 715; x_wconf 80' lang='lat' dir='ltr'><strong>epistolas</strong></span> <span class='ocrx_word' id='word_1_16' title='bbox 980 649 1124 694; x_wconf 85' lang='lat' dir='ltr'>sermone</span> <span class='ocrx_word' id='word_1_17' title='bbox 1140 629 1281 693; x_wconf 89' lang='lat' dir='ltr'>numeris</span> <span class='ocrx_word' id='word_1_18' title='bbox 1297 629 1346 692; x_wconf 93' lang='lat' dir='ltr'>in-</span> 
     </span>
     <span class='ocr_line' id='line_1_4' title="bbox 181 739 1347 826; baseline -0.003 -20"><span class='ocrx_word' id='word_1_19' title='bbox 181 741 274 806; x_wconf 85' lang='lat' dir='ltr'>cluso</span> <span class='ocrx_word' id='word_1_20' title='bbox 291 741 496 825; x_wconf 65' lang='lat' dir='ltr'>compositas</span> <span class='ocrx_word' id='word_1_21' title='bbox 520 759 599 824; x_wconf 90' lang='lat' dir='ltr'>quas</span> <span class='ocrx_word' id='word_1_22' title='bbox 615 739 749 808; x_wconf 85' lang='lat' dir='ltr'>Ovidius</span> <span class='ocrx_word' id='word_1_23' title='bbox 772 742 856 808; x_wconf 87' lang='lat' dir='ltr'>circa</span> <span class='ocrx_word' id='word_1_24' title='bbox 874 739 1026 826; x_wconf 86' lang='lat' dir='ltr'>triumphi</span> <span class='ocrx_word' id='word_1_25' title='bbox 1040 739 1211 806; x_wconf 83' lang='lat' dir='ltr'>Tiberiani</span> <span class='ocrx_word' id='word_1_26' title='bbox 1223 745 1347 824; x_wconf 88' lang='lat' dir='ltr'>tempus</span> 
     </span>
     <span class='ocr_line' id='line_1_5' title="bbox 179 849 1347 936; baseline -0.003 -19"><span class='ocrx_word' id='word_1_27' title='bbox 179 851 306 922; x_wconf 84' lang='lat' dir='ltr'>Romam</span> <span class='ocrx_word' id='word_1_28' title='bbox 320 852 430 930; x_wconf 76' lang='lat' dir='ltr'>misit</span> <span class='ocrx_word' id='word_1_29' title='bbox 466 851 598 932; x_wconf 84' lang='lat' dir='ltr'>adiectis</span> <span class='ocrx_word' id='word_1_30' title='bbox 622 851 679 928; x_wconf 84' lang='lat' dir='ltr'>eis,</span> <span class='ocrx_word' id='word_1_31' title='bbox 712 871 791 935; x_wconf 84' lang='lat' dir='ltr'>quas</span> <span class='ocrx_word' id='word_1_32' title='bbox 825 851 900 916; x_wconf 85' lang='lat' dir='ltr'>inde</span> <span class='ocrx_word' id='word_1_33' title='bbox 934 851 1076 936; x_wconf 84' lang='lat' dir='ltr'>aprima</span> <span class='ocrx_word' id='word_1_34' title='bbox 1100 849 1185 916; x_wconf 83' lang='lat' dir='ltr'>exilii</span> <span class='ocrx_word' id='word_1_35' title='bbox 1208 858 1347 936; x_wconf 84' lang='lat' dir='ltr'>tempore</span> 
     </span>
     <span class='ocr_line' id='line_1_6' title="bbox 181 961 1032 1048; baseline -0.002 -20"><span class='ocrx_word' id='word_1_36' title='bbox 181 962 363 1030; x_wconf 89' lang='lat' dir='ltr'>nominibus</span> <span class='ocrx_word' id='word_1_37' title='bbox 388 962 635 1048; x_wconf 85' lang='lat' dir='ltr'>aperteadditis</span> <span class='ocrx_word' id='word_1_38' title='bbox 660 963 699 1026; x_wconf 86' lang='lat' dir='ltr'>od</span> <span class='ocrx_word' id='word_1_39' title='bbox 721 962 840 1028; x_wconf 87' lang='lat' dir='ltr'>amicos</span> <span class='ocrx_word' id='word_1_40' title='bbox 863 961 959 1027; x_wconf 87' lang='lat' dir='ltr'>dedit.</span> <span class='ocrx_word' id='word_1_41' title='bbox 1008 986 1032 1033; x_wconf 68' lang='grc' dir='ltr'><strong>ῃ</strong></span> 
     </span>
    </p>
   </div>
   <div class='ocr_carea' id='block_1_3' title="bbox 177 1183 1355 4140">
    <p class='ocr_par' dir='ltr' id='par_1_3' title="bbox 177 1183 1355 3492">
     <span class='ocr_line' id='line_1_7' title="bbox 263 1183 1345 1268; baseline 0 -21"><span class='ocrx_word' id='word_1_42' title='bbox 263 1183 398 1261; x_wconf 80' lang='lat' dir='ltr'>Quartus</span> <span class='ocrx_word' id='word_1_43' title='bbox 423 1184 623 1268; x_wconf 63' lang='lat' dir='ltr'>„exiente”</span> <span class='ocrx_word' id='word_1_44' title='bbox 645 1184 726 1250; x_wconf 84' lang='lat' dir='ltr'>liber</span> <span class='ocrx_word' id='word_1_45' title='bbox 748 1185 787 1250; x_wconf 90' lang='lat' dir='ltr'>ab</span> <span class='ocrx_word' id='word_1_46' title='bbox 815 1185 1081 1250; x_wconf 75' lang='lat' dir='ltr'>antecedentibus</span> <span class='ocrx_word' id='word_1_47' title='bbox 1102 1184 1234 1264; x_wconf 84' lang='lat' dir='ltr'>ambitu,</span> <span class='ocrx_word' id='word_1_48' title='bbox 1259 1204 1345 1248; x_wconf 90' lang='lat' dir='ltr'>com-</span> 
     </span>
     <span class='ocr_line' id='line_1_8' title="bbox 179 1295 1347 1380; baseline 0 -22"><span class='ocrx_word' id='word_1_49' title='bbox 179 1295 351 1380; x_wconf 75' lang='lat' dir='ltr'><strong>positione,</strong></span> <span class='ocrx_word' id='word_1_50' title='bbox 375 1296 545 1362; x_wconf 87' lang='lat' dir='ltr'>amicorum</span> <span class='ocrx_word' id='word_1_51' title='bbox 571 1295 706 1378; x_wconf 86' lang='lat' dir='ltr'>deniqne</span> <span class='ocrx_word' id='word_1_52' title='bbox 729 1295 923 1377; x_wconf 86' lang='lat' dir='ltr'>nominibus,</span> <span class='ocrx_word' id='word_1_53' title='bbox 940 1297 1067 1379; x_wconf 84' lang='lat' dir='ltr'>quaein</span> <span class='ocrx_word' id='word_1_54' title='bbox 1085 1295 1347 1375; x_wconf 86' lang='lat' dir='ltr'>eoinreniuntur,</span> 
     </span>
     <span class='ocr_line' id='line_1_9' title="bbox 181 1405 1348 1491; baseline 0.002 -21"><span class='ocrx_word' id='word_1_55' title='bbox 181 1406 331 1470; x_wconf 82' lang='lat' dir='ltr'>diversus.</span> <span class='ocrx_word' id='word_1_56' title='bbox 349 1411 405 1470; x_wconf 91' lang='lat' dir='ltr'>est.</span> <span class='ocrx_word' id='word_1_57' title='bbox 451 1405 532 1482; x_wconf 76' lang='lat' dir='ltr'>Quin</span> <span class='ocrx_word' id='word_1_58' title='bbox 557 1406 655 1470; x_wconf 89' lang='lat' dir='ltr'>etiam</span> <span class='ocrx_word' id='word_1_59' title='bbox 690 1407 932 1491; x_wconf 73' lang='lat' dir='ltr'>compositionis</span> <span class='ocrx_word' id='word_1_60' title='bbox 951 1405 1109 1472; x_wconf 74' lang='lat' dir='ltr'>vocabulo</span> <span class='ocrx_word' id='word_1_61' title='bbox 1125 1408 1257 1471; x_wconf 84' lang='lat' dir='ltr'>fortasse</span> <span class='ocrx_word' id='word_1_62' title='bbox 1280 1425 1348 1472; x_wconf 77' lang='lat' dir='ltr'>‹itii-¹</span> 
     </span>
     <span class='ocr_line' id='line_1_10' title="bbox 180 1516 1347 1601; baseline -0.001 -20"><span class='ocrx_word' id='word_1_63' title='bbox 180 1517 256 1581; x_wconf 90' lang='lat' dir='ltr'>nino</span> <span class='ocrx_word' id='word_1_64' title='bbox 280 1518 325 1581; x_wconf 89' lang='lat' dir='ltr'>uti</span> <span class='ocrx_word' id='word_1_65' title='bbox 349 1537 411 1582; x_wconf 92' lang='lat' dir='ltr'>non</span> <span class='ocrx_word' id='word_1_66' title='bbox 435 1516 518 1596; x_wconf 90' lang='lat' dir='ltr'>licet,</span> <span class='ocrx_word' id='word_1_67' title='bbox 542 1535 611 1581; x_wconf 85' lang='lat' dir='ltr'>cuin</span> <span class='ocrx_word' id='word_1_68' title='bbox 625 1534 728 1601; x_wconf 25' lang='lat' dir='ltr'>equam</span> <span class='ocrx_word' id='word_1_69' title='bbox 746 1518 881 1582; x_wconf 86' lang='lat' dir='ltr'>maxime</span> <span class='ocrx_word' id='word_1_70' title='bbox 897 1517 1028 1582; x_wconf 88' lang='lat' dir='ltr'>dubium</span> <span class='ocrx_word' id='word_1_71' title='bbox 1053 1518 1105 1598; x_wconf 87' lang='lat' dir='ltr'>sit,</span> <span class='ocrx_word' id='word_1_72' title='bbox 1128 1535 1203 1581; x_wconf 87' lang='lat' dir='ltr'>num</span> <span class='ocrx_word' id='word_1_73' title='bbox 1220 1518 1347 1581; x_wconf 89' lang='lat' dir='ltr'>omnino</span> 
     </span>
     <span class='ocr_line' id='line_1_11' title="bbox 180 1619 1347 1716; baseline -0.001 -24"><span class='ocrx_word' id='word_1_74' title='bbox 180 1627 400 1692; x_wconf 84' lang='lat' dir='ltr'>haesedecim</span> <span class='ocrx_word' id='word_1_75' title='bbox 423 1627 577 1712; x_wconf 76' lang='lat' dir='ltr'>epistotae</span> <span class='ocrx_word' id='word_1_76' title='bbox 610 1627 650 1692; x_wconf 89' lang='lat' dir='ltr'>ab</span> <span class='ocrx_word' id='word_1_77' title='bbox 683 1629 870 1716; x_wconf 68' lang='lat' dir='ltr'>ipspspotta</span> <span class='ocrx_word' id='word_1_78' title='bbox 892 1629 924 1692; x_wconf 93' lang='lat' dir='ltr'>in</span> <span class='ocrx_word' id='word_1_79' title='bbox 947 1628 1019 1694; x_wconf 83' lang='lat' dir='ltr'>libri</span> <span class='ocrx_word' id='word_1_80' title='bbox 1044 1629 1177 1693; x_wconf 86' lang='lat' dir='ltr'>formam</span> <span class='ocrx_word' id='word_1_81' title='bbox 1202 1619 1347 1693; x_wconf 83' lang='lat' dir='ltr'>redactae</span> 
     </span>
     <span class='ocr_line' id='line_1_12' title="bbox 180 1735 1346 1824; baseline -0.001 -20"><span class='ocrx_word' id='word_1_82' title='bbox 180 1741 253 1805; x_wconf 90' lang='lat' dir='ltr'>sint.</span> <span class='ocrx_word' id='word_1_83' title='bbox 299 1738 385 1816; x_wconf 85' lang='lat' dir='ltr'>Quae</span> <span class='ocrx_word' id='word_1_84' title='bbox 408 1747 512 1804; x_wconf 86' lang='lat' dir='ltr'>tumen</span> <span class='ocrx_word' id='word_1_85' title='bbox 536 1740 678 1822; x_wconf 80' lang='lat' dir='ltr'>quaestio</span> <span class='ocrx_word' id='word_1_86' title='bbox 702 1757 772 1804; x_wconf 81' lang='lat' dir='ltr'>inea</span> <span class='ocrx_word' id='word_1_87' title='bbox 795 1735 1106 1823; x_wconf 55' lang='lat' dir='ltr'>quidemstsonteutia</span> <span class='ocrx_word' id='word_1_88' title='bbox 1124 1739 1217 1824; x_wconf 87' lang='lat' dir='ltr'>plane</span> <span class='ocrx_word' id='word_1_89' title='bbox 1238 1739 1346 1824; x_wconf 85' lang='lat' dir='ltr'>perfici</span> 
     </span>
     <span class='ocr_line' id='line_1_13' title="bbox 179 1850 1347 1935; baseline -0.003 -20"><span class='ocrx_word' id='word_1_90' title='bbox 179 1871 243 1915; x_wconf 94' lang='lat' dir='ltr'>non</span> <span class='ocrx_word' id='word_1_91' title='bbox 267 1857 380 1935; x_wconf 91' lang='lat' dir='ltr'>potest.</span> <span class='ocrx_word' id='word_1_92' title='bbox 413 1850 503 1926; x_wconf 51' lang='lat' dir='ltr'>¹Num</span> <span class='ocrx_word' id='word_1_93' title='bbox 528 1871 620 1934; x_wconf 87' lang='lat' dir='ltr'>quam</span> <span class='ocrx_word' id='word_1_94' title='bbox 644 1852 798 1916; x_wconf 88' lang='lat' dir='ltr'>rationem</span> <span class='ocrx_word' id='word_1_95' title='bbox 821 1850 1061 1935; x_wconf 86' lang='lat' dir='ltr'>Schulzius-(p.</span> <span class='ocrx_word' id='word_1_96' title='bbox 1086 1853 1139 1934; x_wconf 87' lang='grc'>26)</span> <span class='ocrx_word' id='word_1_97' title='bbox 1174 1872 1191 1915; x_wconf 90' lang='lat' dir='ltr'>e</span> <span class='ocrx_word' id='word_1_98' title='bbox 1225 1850 1347 1931; x_wconf 75' lang='lat' dir='ltr'>Birtiil)</span> 
     </span>
     <span class='ocr_line' id='line_1_14' title="bbox 180 1960 1349 2048; baseline -0.001 -21"><span class='ocrx_word' id='word_1_99' title='bbox 180 1962 323 2028; x_wconf 87' lang='lat' dir='ltr'>doctrina</span> <span class='ocrx_word' id='word_1_100' title='bbox 346 1962 536 2048; x_wconf 79' lang='lat' dir='ltr'>desumpsit,</span> <span class='ocrx_word' id='word_1_101' title='bbox 560 1962 632 2026; x_wconf 90' lang='lat' dir='ltr'>ideo</span> <span class='ocrx_word' id='word_1_102' title='bbox 655 1960 699 2027; x_wconf 90' lang='lat' dir='ltr'>nil</span> <span class='ocrx_word' id='word_1_103' title='bbox 722 1961 815 2042; x_wconf 76' lang='lat' dir='ltr'>valet,</span> <span class='ocrx_word' id='word_1_104' title='bbox 850 1962 934 2046; x_wconf 86' lang='lat' dir='ltr'>quod</span> <span class='ocrx_word' id='word_1_105' title='bbox 962 1983 998 2026; x_wconf 87' lang='lat' dir='ltr'>ex</span> <span class='ocrx_word' id='word_1_106' title='bbox 1019 1963 1120 2026; x_wconf 80' lang='lat' dir='ltr'>forma</span> <span class='ocrx_word' id='word_1_107' title='bbox 1142 1969 1269 2027; x_wconf 81' lang='lat' dir='ltr'>esterna</span> <span class='ocrx_word' id='word_1_108' title='bbox 1291 1982 1349 2046; x_wconf 92' lang='lat' dir='ltr'>pe·</span> 
     </span>
     <span class='ocr_line' id='line_1_15' title="bbox 178 2051 1347 2158; baseline -0.003 -20"><span class='ocrx_word' id='word_1_109' title='bbox 178 2073 246 2152; x_wconf 79' lang='lat' dir='ltr'>tta,</span> <span class='ocrx_word' id='word_1_110' title='bbox 271 2093 333 2138; x_wconf 90' lang='lat' dir='ltr'>non</span> <span class='ocrx_word' id='word_1_111' title='bbox 356 2073 592 2142; x_wconf 85' lang='lat' dir='ltr'>minusobstat</span> <span class='ocrx_word' id='word_1_112' title='bbox 613 2074 643 2138; x_wconf 90' lang='lat' dir='ltr'>ei</span> <span class='ocrx_word' id='word_1_113' title='bbox 667 2073 853 2153; x_wconf 80' lang='lat' dir='ltr'>sententiae,</span> <span class='ocrx_word' id='word_1_114' title='bbox 878 2093 940 2156; x_wconf 88' lang='lat' dir='ltr'>qua</span> <span class='ocrx_word' id='word_1_115' title='bbox 957 2081 1081 2138; x_wconf 87' lang='lat' dir='ltr'>mortuo</span> <span class='ocrx_word' id='word_1_116' title='bbox 1104 2079 1198 2158; x_wconf 76' lang='lat' dir='ltr'>poeta</span> <span class='ocrx_word' id='word_1_117' title='bbox 1212 2051 1251 2137; x_wconf 76' lang='lat' dir='ltr'>ab</span> <span class='ocrx_word' id='word_1_118' title='bbox 1269 2074 1347 2136; x_wconf 86' lang='lat' dir='ltr'>arni-</span> 
     </span>
     <span class='ocr_line' id='line_1_16' title="bbox 180 2183 1347 2270; baseline 0 -22"><span class='ocrx_word' id='word_1_119' title='bbox 180 2185 238 2266; x_wconf 89' lang='lat' dir='ltr'>cis,</span> <span class='ocrx_word' id='word_1_120' title='bbox 263 2204 355 2267; x_wconf 84' lang='lat' dir='ltr'>quum</span> <span class='ocrx_word' id='word_1_121' title='bbox 380 2186 421 2266; x_wconf 73' lang='lat' dir='ltr'>ei,</span> <span class='ocrx_word' id='word_1_122' title='bbox 446 2205 508 2268; x_wconf 84' lang='lat' dir='ltr'>qua</span> <span class='ocrx_word' id='word_1_123' title='bbox 528 2183 570 2249; x_wconf 88' lang='lat' dir='ltr'>ab</span> <span class='ocrx_word' id='word_1_124' title='bbox 601 2186 672 2270; x_wconf 90' lang='lat' dir='ltr'>ipso</span> <span class='ocrx_word' id='word_1_125' title='bbox 701 2191 796 2269; x_wconf 73' lang='lat' dir='ltr'>poeta</span> <span class='ocrx_word' id='word_1_126' title='bbox 817 2184 931 2249; x_wconf 84' lang='lat' dir='ltr'>librum</span> <span class='ocrx_word' id='word_1_127' title='bbox 957 2185 1075 2249; x_wconf 90' lang='lat' dir='ltr'>editum</span> <span class='ocrx_word' id='word_1_128' title='bbox 1099 2204 1169 2248; x_wconf 87' lang='lat' dir='ltr'>esse</span> <span class='ocrx_word' id='word_1_129' title='bbox 1193 2184 1347 2248; x_wconf 82' lang='lat' dir='ltr'>statuitur.</span> 
     </span>
     <span class='ocr_line' id='line_1_17' title="bbox 179 2293 1346 2380; baseline -0.001 -22"><span class='ocrx_word' id='word_1_130' title='bbox 179 2293 267 2372; x_wconf 83' lang='lat' dir='ltr'>Quae</span> <span class='ocrx_word' id='word_1_131' title='bbox 289 2302 392 2359; x_wconf 80' lang='lat' dir='ltr'>autem</span> <span class='ocrx_word' id='word_1_132' title='bbox 418 2293 607 2361; x_wconf 82' lang='lat' dir='ltr'>Woelffelius</span> <span class='ocrx_word' id='word_1_133' title='bbox 631 2299 674 2380; x_wconf 87' lang='lat' dir='ltr'>(p.</span> <span class='ocrx_word' id='word_1_134' title='bbox 699 2296 784 2360; x_wconf 75' lang='lat'>2065</span> <span class='ocrx_word' id='word_1_135' title='bbox 800 2298 890 2379; x_wconf 81' lang='lat' dir='ltr'>sqq.)</span> <span class='ocrx_word' id='word_1_136' title='bbox 914 2294 1028 2377; x_wconf 81' lang='lat' dir='ltr'>attunt,</span> <span class='ocrx_word' id='word_1_137' title='bbox 1052 2301 1088 2360; x_wconf 91' lang='lat' dir='ltr'>ut</span> <span class='ocrx_word' id='word_1_138' title='bbox 1108 2301 1250 2378; x_wconf 85' lang='lat' dir='ltr'>quartum</span> <span class='ocrx_word' id='word_1_139' title='bbox 1269 2314 1346 2378; x_wconf 89' lang='lat' dir='ltr'>quo·</span> 
     </span>
     <span class='ocr_line' id='line_1_18' title="bbox 179 2405 1346 2491; baseline -0.002 -21"><span class='ocrx_word' id='word_1_140' title='bbox 179 2425 240 2489; x_wconf 90' lang='lat' dir='ltr'>que</span> <span class='ocrx_word' id='word_1_141' title='bbox 262 2405 378 2470; x_wconf 86' lang='lat' dir='ltr'>librum</span> <span class='ocrx_word' id='word_1_142' title='bbox 400 2425 476 2472; x_wconf 80' lang='lat' dir='ltr'>cura</span> <span class='ocrx_word' id='word_1_143' title='bbox 499 2413 530 2472; x_wconf 91' lang='lat' dir='ltr'>et</span> <span class='ocrx_word' id='word_1_144' title='bbox 552 2406 717 2488; x_wconf 81' lang='lat' dir='ltr'>diligentia</span> <span class='ocrx_word' id='word_1_145' title='bbox 749 2427 768 2470; x_wconf 90' lang='lat' dir='ltr'>a</span> <span class='ocrx_word' id='word_1_146' title='bbox 801 2411 898 2490; x_wconf 75' lang='lat' dir='ltr'>poete</span> <span class='ocrx_word' id='word_1_147' title='bbox 926 2406 965 2471; x_wconf 84' lang='lat' dir='ltr'>ad</span> <span class='ocrx_word' id='word_1_148' title='bbox 988 2406 1069 2471; x_wconf 86' lang='lat' dir='ltr'>huno</span> <span class='ocrx_word' id='word_1_149' title='bbox 1091 2407 1194 2491; x_wconf 90' lang='lat' dir='ltr'>ipsam</span> <span class='ocrx_word' id='word_1_150' title='bbox 1216 2406 1346 2470; x_wconf 84' lang='lat' dir='ltr'>formem</span> 
     </span>
     <span class='ocr_line' id='line_1_19' title="bbox 178 2507 1346 2602; baseline 0 -22"><span class='ocrx_word' id='word_1_151' title='bbox 178 2517 365 2602; x_wconf 87' lang='lat' dir='ltr'>perductum</span> <span class='ocrx_word' id='word_1_152' title='bbox 390 2537 472 2597; x_wconf 81' lang='lat' dir='ltr'>esse,</span> <span class='ocrx_word' id='word_1_153' title='bbox 501 2517 692 2598; x_wconf 79' lang='lat' dir='ltr'>ostenderet,</span> <span class='ocrx_word' id='word_1_154' title='bbox 728 2518 842 2602; x_wconf 87' lang='lat' dir='ltr'>partim</span> <span class='ocrx_word' id='word_1_155' title='bbox 878 2507 1053 2582; x_wconf 49' lang='lat' dir='ltr'>Schulzins‘</span> <span class='ocrx_word' id='word_1_156' title='bbox 1079 2517 1198 2598; x_wconf 84' lang='lat' dir='ltr'>reiecit,</span> <span class='ocrx_word' id='word_1_157' title='bbox 1232 2517 1346 2602; x_wconf 86' lang='lat' dir='ltr'>partim</span> 
     </span>
     <span class='ocr_line' id='line_1_20' title="bbox 181 2628 1347 2714; baseline -0.002 -20"><span class='ocrx_word' id='word_1_158' title='bbox 181 2629 297 2694; x_wconf 78' lang='lat' dir='ltr'>reicere</span> <span class='ocrx_word' id='word_1_159' title='bbox 321 2649 384 2694; x_wconf 88' lang='lat' dir='ltr'>non</span> <span class='ocrx_word' id='word_1_160' title='bbox 409 2649 488 2714; x_wconf 88' lang='lat' dir='ltr'>opus</span> <span class='ocrx_word' id='word_1_161' title='bbox 512 2635 570 2696; x_wconf 88' lang='lat' dir='ltr'>est.</span> <span class='ocrx_word' id='word_1_162' title='bbox 603 2629 705 2710; x_wconf 85' lang='lat' dir='ltr'>Velut,</span> <span class='ocrx_word' id='word_1_163' title='bbox 730 2630 813 2712; x_wconf 90' lang='lat' dir='ltr'>quod</span> <span class='ocrx_word' id='word_1_164' title='bbox 830 2629 890 2694; x_wconf 88' lang='lat' dir='ltr'>sibi</span> <span class='ocrx_word' id='word_1_165' title='bbox 907 2630 1074 2714; x_wconf 78' lang='lat' dir='ltr'>persuasit,</span> <span class='ocrx_word' id='word_1_166' title='bbox 1098 2628 1231 2713; x_wconf 87' lang='lat' dir='ltr'>epistola</span> <span class='ocrx_word' id='word_1_167' title='bbox 1245 2630 1347 2712; x_wconf 85' lang='lat' dir='ltr'>prima</span> 
     </span>
     <span class='ocr_line' id='line_1_21' title="bbox 181 2738 1355 2824; baseline -0.001 -20"><span class='ocrx_word' id='word_1_168' title='bbox 181 2747 212 2804; x_wconf 89' lang='lat' dir='ltr'>et</span> <span class='ocrx_word' id='word_1_169' title='bbox 234 2740 356 2806; x_wconf 87' lang='lat' dir='ltr'>decima</span> <span class='ocrx_word' id='word_1_170' title='bbox 378 2740 486 2824; x_wconf 82' lang='lat' dir='ltr'>quinta</span> <span class='ocrx_word' id='word_1_171' title='bbox 510 2741 541 2804; x_wconf 93' lang='lat' dir='ltr'>id</span> <span class='ocrx_word' id='word_1_172' title='bbox 555 2742 627 2822; x_wconf 72' lang='lat' dir='ltr'>agi,</span> <span class='ocrx_word' id='word_1_173' title='bbox 663 2747 698 2806; x_wconf 90' lang='lat' dir='ltr'>ut</span> <span class='ocrx_word' id='word_1_174' title='bbox 722 2746 808 2806; x_wconf 90' lang='lat' dir='ltr'>totus</span> <span class='ocrx_word' id='word_1_175' title='bbox 831 2739 912 2806; x_wconf 82' lang='lat' dir='ltr'>liber</span> <span class='ocrx_word' id='word_1_176' title='bbox 934 2740 974 2805; x_wconf 87' lang='lat' dir='ltr'>ad</span> <span class='ocrx_word' id='word_1_177' title='bbox 995 2740 1029 2804; x_wconf 88' lang='lat' dir='ltr'>S.</span> <span class='ocrx_word' id='word_1_178' title='bbox 1052 2739 1237 2824; x_wconf 88' lang='lat' dir='ltr'>Pompeium</span> <span class='ocrx_word' id='word_1_179' title='bbox 1262 2738 1355 2803; x_wconf 44' lang='lat' dir='ltr'>dele-1</span> 
     </span>
     <span class='ocr_line' id='line_1_22' title="bbox 180 2849 1346 2937; baseline -0.003 -21"><span class='ocrx_word' id='word_1_180' title='bbox 180 2859 280 2934; x_wconf 80' lang='lat' dir='ltr'>gutur,</span> <span class='ocrx_word' id='word_1_181' title='bbox 305 2871 398 2936; x_wconf 89' lang='lat' dir='ltr'>quam</span> <span class='ocrx_word' id='word_1_182' title='bbox 422 2858 539 2918; x_wconf 91' lang='lat' dir='ltr'>temere</span> <span class='ocrx_word' id='word_1_183' title='bbox 562 2853 700 2937; x_wconf 81' lang='lat' dir='ltr'>positum</span> <span class='ocrx_word' id='word_1_184' title='bbox 718 2853 771 2934; x_wconf 86' lang='lat' dir='ltr'>sit,</span> <span class='ocrx_word' id='word_1_185' title='bbox 795 2850 964 2917; x_wconf 83' lang='lat' dir='ltr'>Schuluius</span> <span class='ocrx_word' id='word_1_186' title='bbox 979 2854 1022 2936; x_wconf 89' lang='lat' dir='ltr'>(p.</span> <span class='ocrx_word' id='word_1_187' title='bbox 1041 2853 1082 2916; x_wconf 79' lang='grc'>28</span> <span class='ocrx_word' id='word_1_188' title='bbox 1098 2849 1182 2934; x_wconf 80' lang='lat' dir='ltr'>sqq.)</span> <span class='ocrx_word' id='word_1_189' title='bbox 1199 2850 1346 2914; x_wconf 86' lang='lat' dir='ltr'>ostendit.</span> 
     </span>
     <span class='ocr_line' id='line_1_23' title="bbox 179 2960 1346 3048; baseline -0.002 -20"><span class='ocrx_word' id='word_1_190' title='bbox 179 2963 315 3028; x_wconf 76' lang='lat' dir='ltr'>Externa</span> <span class='ocrx_word' id='word_1_191' title='bbox 339 2964 436 3044; x_wconf 85' lang='lat' dir='ltr'>igitur</span> <span class='ocrx_word' id='word_1_192' title='bbox 458 2963 534 3028; x_wconf 89' lang='lat' dir='ltr'>iibri·</span> <span class='ocrx_word' id='word_1_193' title='bbox 553 2965 713 3028; x_wconf 71' lang='lat' dir='ltr'>fornace</span> <span class='ocrx_word' id='word_1_194' title='bbox 737 2964 845 3048; x_wconf 90' lang='lat' dir='ltr'>potius</span> <span class='ocrx_word' id='word_1_195' title='bbox 879 2963 1074 3039; x_wconf 85' lang='lat' dir='ltr'>deducimur,</span> <span class='ocrx_word' id='word_1_196' title='bbox 1097 2970 1143 3025; x_wconf 82' lang='lat' dir='ltr'>ut</span> <span class='ocrx_word' id='word_1_197' title='bbox 1176 2960 1346 3026; x_wconf 87' lang='lat' dir='ltr'>editionem</span> 
     </span>
     <span class='ocr_line' id='line_1_24' title="bbox 179 3072 1346 3160; baseline -0.003 -21"><span class='ocrx_word' id='word_1_198' title='bbox 179 3095 242 3139; x_wconf 89' lang='lat' dir='ltr'>non</span> <span class='ocrx_word' id='word_1_199' title='bbox 260 3075 299 3139; x_wconf 88' lang='lat' dir='ltr'>ab</span> <span class='ocrx_word' id='word_1_200' title='bbox 317 3076 389 3160; x_wconf 90' lang='lat' dir='ltr'>ipso</span> <span class='ocrx_word' id='word_1_201' title='bbox 407 3081 501 3160; x_wconf 78' lang='lat' dir='ltr'>poeta</span> <span class='ocrx_word' id='word_1_202' title='bbox 512 3075 693 3140; x_wconf 85' lang='lat' dir='ltr'>institutam</span> <span class='ocrx_word' id='word_1_203' title='bbox 712 3095 781 3140; x_wconf 87' lang='lat' dir='ltr'>esse</span> <span class='ocrx_word' id='word_1_204' title='bbox 801 3074 975 3140; x_wconf 82' lang='lat' dir='ltr'>credamus:</span> <span class='ocrx_word' id='word_1_205' title='bbox 989 3109 1029 3120; x_wconf 85' lang='lat'>--</span> <span class='ocrx_word' id='word_1_206' title='bbox 1042 3072 1106 3137; x_wconf 84' lang='lat' dir='ltr'>Sed</span> <span class='ocrx_word' id='word_1_207' title='bbox 1122 3092 1221 3137; x_wconf 57' lang='lat' dir='ltr'>&gt;unum</span> <span class='ocrx_word' id='word_1_208' title='bbox 1238 3078 1346 3151; x_wconf 83' lang='lat' dir='ltr'>restat,</span> 
     </span>
     <span class='ocr_line' id='line_1_25' title="bbox 181 3183 1346 3272; baseline -0.002 -22"><span class='ocrx_word' id='word_1_209' title='bbox 181 3186 264 3269; x_wconf 89' lang='lat' dir='ltr'>qnod</span> <span class='ocrx_word' id='word_1_210' title='bbox 288 3185 481 3252; x_wconf 85' lang='lat' dir='ltr'>Woeiffelius</span> <span class='ocrx_word' id='word_1_211' title='bbox 503 3190 548 3272; x_wconf 77' lang='lat' dir='ltr'>(p.</span> <span class='ocrx_word' id='word_1_212' title='bbox 574 3187 654 3250; x_wconf 79' lang='grc'>2661</span> <span class='ocrx_word' id='word_1_213' title='bbox 678 3187 787 3269; x_wconf 90' lang='lat' dir='ltr'>Anm.)</span> <span class='ocrx_word' id='word_1_214' title='bbox 811 3185 913 3250; x_wconf 84' lang='lat' dir='ltr'>obiter</span> <span class='ocrx_word' id='word_1_215' title='bbox 935 3191 1055 3250; x_wconf 86' lang='lat' dir='ltr'>tantum</span> <span class='ocrx_word' id='word_1_216' title='bbox 1078 3183 1189 3266; x_wconf 79' lang='lat' dir='ltr'>tetigit.</span> <span class='ocrx_word' id='word_1_217' title='bbox 1227 3183 1346 3267; x_wconf 86' lang='lat' dir='ltr'>Nempe</span> 
     </span>
     <span class='ocr_line' id='line_1_26' title="bbox 179 3294 1346 3382; baseline -0.002 -20"><span class='ocrx_word' id='word_1_218' title='bbox 179 3296 307 3362; x_wconf 82' lang='lat' dir='ltr'>alteram</span> <span class='ocrx_word' id='word_1_219' title='bbox 332 3296 498 3382; x_wconf 89' lang='lat' dir='ltr'>epistolam</span> <span class='ocrx_word' id='word_1_220' title='bbox 524 3297 677 3362; x_wconf 87' lang='lat' dir='ltr'>Tuticano</span> <span class='ocrx_word' id='word_1_221' title='bbox 700 3297 829 3362; x_wconf 87' lang='lat' dir='ltr'>missam</span> <span class='ocrx_word' id='word_1_222' title='bbox 857 3301 951 3381; x_wconf 73' lang='lat' dir='ltr'>poeta</span> <span class='ocrx_word' id='word_1_223' title='bbox 973 3295 1086 3381; x_wconf 90' lang='lat' dir='ltr'>incipit</span> <span class='ocrx_word' id='word_1_224' title='bbox 1107 3294 1147 3360; x_wconf 88' lang='lat' dir='ltr'>ab</span> <span class='ocrx_word' id='word_1_225' title='bbox 1170 3295 1219 3360; x_wconf 89' lang='lat' dir='ltr'>his</span> <span class='ocrx_word' id='word_1_226' title='bbox 1242 3295 1346 3360; x_wconf 88' lang='lat' dir='ltr'>verbis</span> 
     </span>
     <span class='ocr_line' id='line_1_27' title="bbox 177 3407 1125 3492; baseline -0.005 -18"><span class='ocrx_word' id='word_1_227' title='bbox 177 3407 291 3488; x_wconf 64' lang='lat' dir='ltr'>xum</span> <span class='ocrx_word' id='word_1_228' title='bbox 314 3425 378 3492; x_wconf 75' lang='lat' dir='ltr'>sip:</span> <span class='ocrx_word' id='word_1_229' title='bbox 1122 3482 1125 3488; x_wconf 16' lang='lat'><strong>⁴</strong></span> 
     </span>
    </p>

    <p class='ocr_par' dir='ltr' id='par_1_4' title="bbox 219 3516 1345 3713">
     <span class='ocr_line' id='line_1_28' title="bbox 219 3516 1345 3600; baseline -0.003 -16"><span class='ocrx_word' id='word_1_230' title='bbox 219 3550 226 3568; x_wconf 59' lang='grc' dir='ltr'>ι</span> <span class='ocrx_word' id='word_1_231' title='bbox 267 3516 270 3522; x_wconf 77' lang='grc'><em>’</em></span> <span class='ocrx_word' id='word_1_232' title='bbox 330 3521 415 3584; x_wconf 86' lang='lat' dir='ltr'>Haec</span> <span class='ocrx_word' id='word_1_233' title='bbox 430 3522 491 3584; x_wconf 90' lang='lat' dir='ltr'>tibi</span> <span class='ocrx_word' id='word_1_234' title='bbox 508 3523 691 3599; x_wconf 74' lang='lat' dir='ltr'>mittuntur,</span> <span class='ocrx_word' id='word_1_235' title='bbox 715 3539 808 3600; x_wconf 83' lang='lat' dir='ltr'>quern</span> <span class='ocrx_word' id='word_1_236' title='bbox 826 3537 897 3583; x_wconf 82' lang='lat' dir='ltr'>suin</span> <span class='ocrx_word' id='word_1_237' title='bbox 919 3518 1023 3584; x_wconf 88' lang='lat' dir='ltr'>modo</span> <span class='ocrx_word' id='word_1_238' title='bbox 1047 3519 1186 3582; x_wconf 81' lang='lat' dir='ltr'>carmine</span> <span class='ocrx_word' id='word_1_239' title='bbox 1203 3523 1345 3598; x_wconf 75' lang='lat' dir='ltr'>rpuestus,</span> 
     </span>
     <span class='ocr_line' id='line_1_29' title="bbox 383 3612 1141 3713; baseline -0.001 -18"><span class='ocrx_word' id='word_1_240' title='bbox 383 3633 452 3696; x_wconf 82' lang='lat' dir='ltr'>Non</span> <span class='ocrx_word' id='word_1_241' title='bbox 476 3637 588 3713; x_wconf 86' lang='lat' dir='ltr'>aptum</span> <span class='ocrx_word' id='word_1_242' title='bbox 610 3612 751 3696; x_wconf 81' lang='lat' dir='ltr'>numeris</span> <span class='ocrx_word' id='word_1_243' title='bbox 774 3649 888 3695; x_wconf 87' lang='lat' dir='ltr'>nornen</span> <span class='ocrx_word' id='word_1_244' title='bbox 910 3633 1026 3696; x_wconf 86' lang='lat' dir='ltr'>habere</span> <span class='ocrx_word' id='word_1_245' title='bbox 1052 3632 1141 3694; x_wconf 87' lang='lat' dir='ltr'>meis.</span> 
     </span>
    </p>

    <p class='ocr_par' dir='ltr' id='par_1_5' title="bbox 178 3741 1344 3938">
     <span class='ocr_line' id='line_1_30' title="bbox 265 3741 1344 3827; baseline -0.002 -21"><span class='ocrx_word' id='word_1_246' title='bbox 265 3741 386 3820; x_wconf 80' lang='lat' dir='ltr'>Quibus</span> <span class='ocrx_word' id='word_1_247' title='bbox 409 3744 541 3826; x_wconf 88' lang='lat' dir='ltr'>respicit</span> <span class='ocrx_word' id='word_1_248' title='bbox 564 3749 658 3827; x_wconf 75' lang='lat' dir='ltr'>poeta</span> <span class='ocrx_word' id='word_1_249' title='bbox 680 3743 718 3808; x_wconf 81' lang='lat' dir='ltr'>ud</span> <span class='ocrx_word' id='word_1_250' title='bbox 742 3744 867 3807; x_wconf 87' lang='lat' dir='ltr'>initium</span> <span class='ocrx_word' id='word_1_251' title='bbox 895 3741 1046 3826; x_wconf 84' lang='lat' dir='ltr'>epistolae</span> <span class='ocrx_word' id='word_1_252' title='bbox 1071 3741 1276 3807; x_wconf 82' lang='lat' dir='ltr'>duodecimae</span> <span class='ocrx_word' id='word_1_253' title='bbox 1305 3741 1344 3805; x_wconf 90' lang='lat' dir='ltr'>ad</span> 
     </span>
     <span class='ocr_line' id='line_1_31' title="bbox 178 3853 634 3938; baseline 0 -21"><span class='ocrx_word' id='word_1_254' title='bbox 178 3853 312 3918; x_wconf 91' lang='lat' dir='ltr'>eundem</span> <span class='ocrx_word' id='word_1_255' title='bbox 336 3853 426 3918; x_wconf 84' lang='lat' dir='ltr'>datae</span> <span class='ocrx_word' id='word_1_256' title='bbox 448 3853 547 3933; x_wconf 80' lang='lat' dir='ltr'>XiLi</span> <span class='ocrx_word' id='word_1_257' title='bbox 573 3873 634 3938; x_wconf 86' lang='lat' dir='ltr'>sq.:</span> 
     </span>
    </p>

    <p class='ocr_par' dir='ltr' id='par_1_6' title="bbox 331 3965 1141 4140">
     <span class='ocr_line' id='line_1_32' title="bbox 331 3965 1141 4046; baseline -0.002 -17"><span class='ocrx_word' id='word_1_258' title='bbox 331 3967 507 4042; x_wconf 81' lang='lat' dir='ltr'>Quominus</span> <span class='ocrx_word' id='word_1_259' title='bbox 530 3967 563 4030; x_wconf 91' lang='lat' dir='ltr'>in</span> <span class='ocrx_word' id='word_1_260' title='bbox 586 3967 704 4046; x_wconf 82' lang='lat' dir='ltr'>nostris</span> <span class='ocrx_word' id='word_1_261' title='bbox 726 3967 865 4045; x_wconf 83' lang='lat' dir='ltr'>ponaris,</span> <span class='ocrx_word' id='word_1_262' title='bbox 888 3966 999 4040; x_wconf 80' lang='lat' dir='ltr'>amice,</span> <span class='ocrx_word' id='word_1_263' title='bbox 1021 3965 1141 4028; x_wconf 85' lang='lat' dir='ltr'>libellis</span> 
     </span>
     <span class='ocr_line' id='line_1_33' title="bbox 380 4076 975 4140; baseline -0.002 -1"><span class='ocrx_word' id='word_1_264' title='bbox 380 4076 527 4140; x_wconf 90' lang='lat' dir='ltr'>Nominis</span> <span class='ocrx_word' id='word_1_265' title='bbox 551 4077 688 4140; x_wconf 80' lang='lat' dir='ltr'>efficitur</span> <span class='ocrx_word' id='word_1_266' title='bbox 711 4077 895 4140; x_wconf 80' lang='lat' dir='ltr'>condicione</span> <span class='ocrx_word' id='word_1_267' title='bbox 917 4077 975 4140; x_wconf 86' lang='lat' dir='ltr'>tui.</span> 
     </span>
    </p>
   </div>
   <div class='ocr_carea' id='block_1_4' title="bbox 178 4231 380 4240">
    <p class='ocr_par' dir='ltr' id='par_1_7' title="bbox 178 4231 380 4240">
     <span class='ocr_line' id='line_1_34' title="bbox 178 4231 380 4240; baseline 0.005 -1"><span class='ocrx_word' id='word_1_268' title='bbox 178 4231 380 4240; x_wconf 74' lang='lat'><strong>—-—-——</strong></span> 
     </span>
    </p>
   </div>
   <div class='ocr_carea' id='block_1_5' title="bbox 248 4289 917 4384">
    <p class='ocr_par' dir='ltr' id='par_1_8' title="bbox 248 4289 917 4384">
     <span class='ocr_line' id='line_1_35' title="bbox 248 4289 917 4384; baseline 0 -17"><span class='ocrx_word' id='word_1_269' title='bbox 248 4314 269 4380; x_wconf 78' lang='grc'>1)</span> <span class='ocrx_word' id='word_1_270' title='bbox 288 4315 361 4368; x_wconf 75' lang='lat' dir='ltr'>set:</span> <span class='ocrx_word' id='word_1_271' title='bbox 381 4315 436 4368; x_wconf 74' lang='lat' dir='ltr'>nas</span> <span class='ocrx_word' id='word_1_272' title='bbox 455 4313 546 4384; x_wconf 74' lang='lat' dir='ltr'>unusne</span> <span class='ocrx_word' id='word_1_273' title='bbox 566 4313 714 4380; x_wconf 53' lang='lat' dir='ltr'>suessan</span> <span class='ocrx_word' id='word_1_274' title='bbox 732 4330 758 4382; x_wconf 81' lang='lat' dir='ltr'>p.</span> <span class='ocrx_word' id='word_1_275' title='bbox 778 4289 846 4368; x_wconf 76' lang='lat' dir='ltr'>uua.¹</span> <span class='ocrx_word' id='word_1_276' title='bbox 867 4373 869 4378; x_wconf 62' lang='grc'><em>,</em></span> <span class='ocrx_word' id='word_1_277' title='bbox 916 4303 917 4306; x_wconf 69' lang='lat'><em>&#39;</em></span> 
     </span>
    </p>
   </div>
   <div class='ocr_carea' id='block_1_6' title="bbox 0 0 1594 5018">
    <p class='ocr_par' dir='ltr' id='par_1_9' title="bbox 0 0 1594 5018">
     <span class='ocr_line' id='line_1_36' title="bbox 0 0 1594 5018; baseline 0 1"><span class='ocrx_word' id='word_1_278' title='bbox 0 0 1594 5018; x_wconf 95' lang='lat' dir='ltr'> </span> 
     </span>
    </p>
   </div>
  </div>
 </body>
</html>
