3178 5018
746 365 954 429 ..68-

271 555 456 639 quirendum
481 559 538 636 est,
562 574 601 620 ne
624 557 677 617 aut
698 552 830 634 minore,
855 572 945 635 quam
971 551 1070 635 decet,
1095 554 1126 617 vi
1148 554 1176 618 ei
1193 553 1275 631 data,
1299 556 1434 622 infirmis

270 666 481 731 fundamentis
505 665 775 730 ratiocinationem
800 662 1036 746 substruamusp
1052 669 1108 730 aut
1129 666 1260 730 nimium
1281 667 1431 751 ponderis

270 779 374 842 inesse
407 777 477 856 rati,
513 776 639 840 omnino
674 775 713 840 de
747 775 931 857 quaestione
959 779 1068 840 nostra
1095 775 1308 860 desperemus.
1356 755 1437 842 Nam

270 889 372 973 primo
396 888 456 952 iam
481 885 589 952 obtutu
614 886 778 963 sentimus
803 893 918 968 quanto
946 885 995 950 his
1017 885 1121 951 verbis
1145 888 1303 971 praesidio
1327 889 1432 973 prive-

270 1020 351 1079 mur,
377 1018 437 1082 quo
461 997 492 1062 in
516 997 665 1062 Tristium
689 996 778 1062 libris
799 996 993 1062 >confidenter
1009 997 1058 1061 usi
1075 1017 1207 1063 eramus.
1238 997 1432 1083 Temporum

271 1111 391 1176 seilicet
407 1110 559 1189 ordinem,
575 1110 626 1192 qui
645 1110 719 1191 quin
736 1108 779 1172 ibi
791 1109 822 1172 in
837 1108 1017 1172 universum
1031 1113 1173 1174 servatus
1190 1117 1283 1190 esset,
1297 1110 1430 1181 dubium

239 1296 241 1302 .
268 1241 331 1286 non
355 1226 431 1302 erat,
455 1223 487 1284 in
510 1221 560 1285 his
584 1239 707 1302 qnoque
740 1219 830 1306 libris
864 1239 925 1283 non
955 1219 1162 1284 disturbatum
1187 1241 1266 1301 esse,
1292 1229 1431 1286 statuere

267 1333 372 1396 verbis
394 1331 457 1396 illis
480 1338 630 1396 vetamur.
677 1329 745 1407 Qua
768 1330 806 1394 de
826 1351 870 1408 re,
897 1351 966 1394 cum
984 1338 1113 1415 excepto
1132 1331 1303 1412 Brundesio
1320 1353 1429 1399 omnes

267 1444 326 1506 viri
351 1443 445 1524 docti,
470 1463 506 1506 ea
528 1443 572 1506 ita
594 1442 643 1506 usi
667 1442 740 1520 sint,
775 1449 810 1504 nt
832 1461 920 1506 suam
944 1441 982 1506 de
1006 1442 1210 1526 epistolarum
1233 1444 1429 1526 temporibus

270 1555 455 1620 sententiam
471 1573 583 1633 magna
599 1551 701 1636 aliqua
713 1552 895 1618 difficultate
910 1552 1091 1635 liberarent,
1109 1553 1251 1637 pluribus
1267 1555 1430 1639 disputare

267 1683 330 1729 non
359 1665 609 1750 supersedemus.
643 1663 830 1748 ¹Apparebit
863 1643 977 1746 autem,
1012 1663 1094 1743 illos,
1129 1665 1272 1747 quamvis
1301 1667 1429 1730 nimiam

270 1775 347 1840 inde
383 1776 443 1841 sibi
477 1775 637 1850 licentiam
669 1782 837 1855 sumerent,
871 1781 974 1839 tamen
1008 1783 1104 1839 totam
1127 1776 1237 1840 indicii
1260 1775 1344 1840 illius
1368 1776 1430 1840 vim

270 1887 510 1970 haudquaquam
534 1886 626 1971 plane
650 1887 856 1971 perspexisse.

353 1997 496 2062 Primum·
515 2006 688 2082 temporum
714 1997 801 2077 ordo,
826 2017 917 2080 quem
941 1996 1040 2061 solum
1064 1996 1204 2061 labefieri
1226 2015 1326 2082 paene
1350 2017 1431 2062 oon-

270 2111 414 2190 sentitur,
450 2110 645 2192 aliquatenus
680 2114 835 2172 servatum
871 2128 951 2188 esse,
976 2107 1109 2172 efficitur
1132 2109 1253 2173 ratione
1277 2109 1425 2192 quadam,

266 2239 360 2304 quam
385 2219 550 2285 Sohulzius
575 2223 618 2304 (p.
643 2221 684 2284 23
707 2221 789 2302 sqq.)
813 2219 935 2304 primns
957 2218 1111 2300 adhibuit,
1135 2240 1237 2303 neque
1260 2226 1376 2297 tamen,
1396 2225 1431 2284 ut

266 2331 410 2411 debebat,
435 2338 618 2416 persecutus
642 2336 698 2396 est.
742 2329 861 2415 Nempe
884 2350 952 2394 cum
977 2329 1108 2412 singulis
1125 2331 1234 2395 amicis
1251 2331 1430 2415 complures

265 2443 419 2527 epistolae
442 2443 558 2506 missae
582 2442 654 2522 sint,
678 2453 901 2524 nonnunquam
931 2441 1312 2526 discernere-possumne,
1348 2461 1429 2525 quae

266 2555 383 2638 priore,
408 2573 549 2636 quaeque
572 2552 746 2638 posteriore
769 2559 909 2637 tempore
932 2553 975 2617 ad
994 2553 1275 2618 eundemdatasit.
1311 2552 1428 2630 Quam-

267 2684 359 2747 quam
384 2664 422 2727 ad
446 2663 567 2729 Cottam
590 2667 722 2749 primam
748 2664 886 2728 omnium
908 2663 1070 2748 epistolam
1088 2663 1139 2745 ΙΙΙ,
1155 2665 1175 2730 5
1191 2664 1320 2728 missam
1346 2684 1428 2744 esse,

265 2783 349 2840 certo
373 2776 531 2856 cognosci,
556 2775 651 2840 nolim
673 2775 821 2839 Sohulzio
838 2779 883 2860 (p.
901 2776 954 2857 25)
971 2775 1151 2841 concedere.
1179 2774 1306 2840 Certum
1324 2780 1426 2838 autem
1498 2817 1502 2827 ·

265 2886 417 2951 iudicium
440 2886 507 2952 fieri
530 2891 636 2971 potest
658 2886 696 2952 de
720 2886 783 2952 his:

351 2997 493 3082 Epistola
520 2997 544 3080 1,
568 2999 588 3062 3
615 3003 711 3082 poeta
732 2997 843 3062 Rufino
867 2996 1079 3082 amplissimas
1102 2997 1220 3078 gratias
1243 2997 1318 3078 agit,
1342 2995 1427 3079 quod

266 3108 388 3172 solandi
423 3129 536 3174 munos
571 3108 684 3173 litteris
718 3109 900 3193 susceperit.
946 3107 1057 3173 Eidem
1081 3109 1179 3174 missa
1212 3113 1261 3174 est
1294 3105 1428 3192 epistola

265 3219 354 3299 ΙΙΙ,4
385 3240 446 3303 qua
479 3218 610 3284 Ovidius
645 3239 770 3286 carmen
804 3239 823 3283 a
859 3240 893 3284 se
925 3218 965 3283 de
1000 3217 1306 3303 Tiberiistriumpho
1340 3237 1425 3282 eom-

263 3332 402 3416 positum
441 3331 647 3398 commendat.
697 3330 775 3396 Oum
805 3336 963 3396 autem'et
984 3330 1132 3394 carminis
1156 3329 1248 3394 buius
1272 3335 1303 3394 et
1323 3329 1426 3414 ipsius

263 3441 427 3526 triumphi,
462 3441 500 3506 ad
536 3461 626 3526 quem
663 3443 790 3528 saepius
824 3441 906 3507 redit
944 3447 1038 3526 poeta
1059 3441 1091 3506 in
1117 3440 1198 3506 libro
1222 3440 1359 3505 seeundo
1393 3443 1426 3505 et

262 3554 366 3634 tertio,
401 3551 486 3617 nulla
519 3554 635 3618 mentio
664 3553 719 3618 fiat
750 3555 782 3618 in
817 3554 922 3638 priore
945 3551 1079 3638 epistola
1100 3551 1203 3618 Rufini
1226 3552 1353 3616 nomine
1376 3552 1425 3616 in-

263 3664 392 3748 scripu,
417 3684 483 3728 eam
508 3685 570 3729 non
594 3663 694 3730 solum
721 3664 802 3746 loco,
837 3663 893 3729 sed
928 3660 1022 3728 etiam
1055 3670 1196 3748 tempore
1223 3662 1312 3730 alteri
1335 3667 1424 3728 ante·

261 3775 373 3840 cedere
395 3775 655 3840 verisimillimum
680 3780 735 3840 est.

344 3879 431 3952 Idem
455 3886 539 3952 facili
563 3905 658 3972 opera
680 3886 712 3949 in
736 3885 870 3971 epistola
891 3885 953 3970 I,6
980 3885 1196 3972 adipiscimur.
1235 3883 1334 3962 Quam
1359 3884 1424 3970 pri·

259 4015 343 4062 mam
367 4015 448 4078 esse,
473 4018 535 4082 qua
557 3997 684 4063 omnino
708 3995 779 4074 exul
801 4001 894 4082 poeta
916 3997 1103 4064 Graecinum
1126 4003 1264 4062 veterem
1287 3995 1423 4060 amioum

259 4097 411 4173 edocatus
435 4107 486 4191 sit,
510 4125 618 4175 omnes
641 4105 883 4192 consensione).
927 4107 1006 4174 Nam
1030 4107 1192 4174 etiamtum
1217 4106 1331 4172 certior
1352 4105 1421 4172 fieri

326 4347 348 4416 ¹)
367 4346 401 4404 ei.
421 4339 541 4411 Graebe‘r
561 4365 586 4418 p.
605 4347 711 4402 XXIII.
