3178 5018
648 382 859 454 *¹93-

173 567 299 633 domum
317 561 496 634 Germanici
512 555 658 633 Suillium
680 567 719 632 ab
735 567 849 632 Ouidio
865 566 1026 651 implorari
1044 564 1197 651 potuisse,
1222 564 1338 630 nnllam

170 679 309 764 speciem
333 679 438 747 habet.
462 679 539 746 Nam
562 679 622 744 hoc
645 678 740 744 semel
764 695 925 762 concesso,
948 675 1052 764 Suillii
1073 685 1199 760 quoque
1222 676 1341 762 episto-

174 788 248 871 lam,
281 809 382 874 quam·
405 789 537 856 Ovidius
554 827 555 834 ι
571 796 795 856 commemorat
817 792 859 872 (v.
883 790 926 870 1),
960 794 1033 872 post
1055 787 1193 854 reditum
1213 786 1340 853 demum

175 900 352 967 Germanioi
377 902 481 966 datam
506 922 576 966 csse
600 899 853 966 constituendum
866 907 933 965 est.
972 898 1031 964 Cui
1052 917 1124 964 cum
1145 897 1230 964 ,haud
1246 895 1356 962 dubie

174 1011 272 1076 alters
296 1011 405 1077 Ovidii
426 1012 559 1097 epistola
580 1011 673 1078 nobis
696 1029 759 1076 non
783 1017 906 1076 servata
928 1010 1160 1088 antecessisset,
1184 1008 1247 1074 iam
1269 993 1339 1076 lou'e

61 1105 78 1146 '¹
178 1145 250 1206 gunt
275 1125 427 1208 temporis
450 1124 585 1208 spatium
609 1121 814 1208 praeteriisse
833 1125 1155 1205 consequereturpex
1177 1139 1242 1203 quo
1263 1117 1341 1182 Gor*

179 1236 320 1300 manicas
336 1235 464 1300 Romam
489 1235 647 1300 rediisset.
698 1233 757 1310 Qui
782 1232 839 1298 sub
862 1232 957 1297 finem
978 1231 1105 1302 demum
1129 1230 1203 1296 anni
1228 1229 1344 1302 iasine
1386 1299 1388 1303 ,

176 1346 293 1412 Romae
317 1367 387 1410 esse
409 1346 531 1430 potuit·
551 1366 619 1410 cum
645 1345 726 1429 „iam
751 1344 863 1410 adulta·
880 1344 1017 1408 aestatc⁷’
1033 1341 1123 1424 (Tac.
1141 1344 1222 1407 Αιιιι.
1237 1340 1272 1420 11,
1287 1341 1342 1418 23)

176 1457 278 1522 denno
303 1462 413 1522 castre
439 1458 591 1522 mouisset
605 1462 644 1520 :ct
666 1455 818 1520 miiitibus
847 1455 877 1519 in
901 1454 1034 1523 hiberna
1054 1451 1192 1518 reductis
1215 1449 1342 1519 tandem

178 1569 342 1654 provincia
376 1569 577 1633 discessisset
603 1565 691 1651 (Tac.
713 1585 739 1632 c.
756 1567 822 1648 26).
879 1563 1052 1630 Woelffclio
1085 1564 1181 1644 igitur
1210 1560 1344 1647 epistole

13 1651 15 1658 d
60 1757 63 1762 Ι
176 1679 263 1755 iV,8
296 1700 359 1744 non
393 1679 433 1744 ad
456 1686 639 1744 autumnum
673 1678 747 1742 anni
768 1678 901 1756 tosus,
936 1675 993 1742 sed
1015 1696 1054 1740 ns
1078 1677 1130 1740 vix
1153 1673 1278 1759 quidem
1302 1671 1341 1739 ad
1373 1723 1376 1727 -

172 1791 298 1856 initium
327 1791 525 1872 insequentis
553 1791 627 1853 anni
654 1789 820 1854 referenda
842 1795 929 1865 ereis
954 1789 1000 1852 ita
1021 1793 1057 1852 ut
1078 1785 1255 1871 complures
1278 1784 1367 1883 ianr!

170 1903 250 1969 euni
273 1901 347 1966 iude
370 1900 408 1965 ab
425 1902 559 1981 Augusti
582 1908 694 1981 morte,
718 1919 808 1983 quem
833 1905 927 1983 po'eta
949 1897 1081 1982 „modo”
1104 1898 1224 1980 (aas)
1247 1895 1342 1962 astris

176 2012 317 2078 additum
342 2031 411 2078 esse
435 2012 527 2091 dicit,
557 2010 767 2097 praeterlapsi
789 2017 905 2076 essent.
953 2007 1121 2074 Praetereo
1144 2009 1172 2073 si
1196 2005 1340 2072 couside-

176 2144 292 2205 remns,
318 2143 419 2206 quem·
435 2123 566 2188 Ovidius
590 2143 716 2208 semper
738 2129 864 2188 secutus
888 2121 931 2186 sit
951 2141 1081 2201 morem,
1104 2124 1140 2186 ut
1162 2117 1341 2204 principum

175 2254 238 2314 res,
261 2255 324 2299 non
349 2233 447 2299 solum
473 2255 550 2318 quas
566 2245 671 2316 gestas
687 2233 870 2314 audivisset,
896 2232 1060 2298 sedetiam
1079 2249 1156 2314 quas
1173 2227 1341 2312 aliquando

175 2354 297 2427 gestum
321 2346 359 2410 iri
383 2346 524 2412 crederet
536 2347 589 2428 (cf.
606 2366 652 2411 en
669 2345 703 2412 P.
716 2344 753 2426 ll,
770 2348 815 2428 1),
839 2344 1075 2410 studiosissime
1091 2327 1224 2418 efferret,
1250 2359 1342 2420 aegre
1359 2383 1362 2390 ,

174 2458 267 2522 nobis
302 2457 579 2542 persuadebimus,
614 2456 800 2522 Germanico
823 2468 886 2524 tam
911 2455 1077 2534 modicam,
1100 2471 1204 2536 ¹<urtam
1229 2452 1264 2518 iu
1284 2449 1343 2553 hae

177 2567 322 2652 epistola,
346 2567 418 2634 belii
440 2569 564 2634 laudem
589 2569 628 2634 ab
651 2590 687 2633 eo
703 2569 772 2634 dari
788 2569 939 2653 potuisse,
963 2572 1011 2633 tot
1025 2566 1185 2648 tantisque
1202 2563 1342 2630 victoriis

161 2679 502 2764 ,splendidissimoque
535 2679 695 2764 triumpho
725 2681 791 2743 iam
836 2680 1005 2764 compertis
1019 2679 1053 2760 ¹).
1119 2674 1203 2753 Quin
1247 2675 1342 2744 etiam

133 2839 137 2858 ,
177 2797 272 2874 potita
300 2791 377 2856 satis
406 2797 511 2874 aperte
534 2791 674 2855 indicere
697 2791 835 2871 videtur,
856 2791 1038 2874 *posteriorc
1061 2787 1166 2871 aliquo
1188 2795 1342 2870 tempore„

178 2920 238 2985 quo
261 2923 295 2967 se
318 2903 379 2967 ism
404 2902 437 2966 iu
461 2902 624 2986 propriore
643 2901 712 2965 urbi
735 2900 852 2966 Romae
875 2901 943 2965 loco
966 2901 1199 2964 futurum‘esse
1222 2906 1341 2984 speret,

99 3069 101 3076 ,
177 3013 254 3094 foro,
278 3019 313 3076 ut
334 3013 424 3077 factis
441 3012 620 3078 Germanici
637 3013 731 3078 citius
747 3013 897 3076 nuntiatis
921 3011 1093 3108 carminum
1116 3010 1264 3076 materies
1280 3009 1342 3074 sibi

178 3123 398 3208 suppeditetur
419 3145 447 3190 v.
464 3125 504 3188 89
521 3144 585 3207 sq.:

329 3235 420 3300 Unde
442 3240 516 3300 tuos
538 3237 659 3316 possim
681 3236 792 3298 landes
815 3235 974 3298 celebrare
994 3238 1154 3314 recentes

380 3345 556 3427 Magnaque
579 3365 672 3427 quam
697 3347 831 3410 minima
851 3347 937 3410 facto
957 3347 1072 3410 refcne
1094 3363 1193 3410 mora.

263 3453 438 3540 Epistulam
466 3457 563 3538 igitur
585 3461 657 3546 ante
680 3454 796 3520 bellum
820 3475 839 3519 e
861 3455 1047 3522 Germanico
1071 3455 1210 3537 finitum,
1240 3475 1344 3540 neque

174 3565 276 3632 multo
299 3571 374 3652 post
392 3573 526 3634 mortem
544 3567 828 3649 Augustimissam
855 3587 928 3633 esse
957 3568 1169 3651 consequitur.
1218 3565 1343 3644 Quare

176 3679 239 3744 iam
264 3698 360 3764 snpra
381 3680 432 3744 usi
454 3699 561 3744 sumus
584 3685 667 3762 tum3
691 3699 762 3745 cnm
784 3699 847 3744 non
869 3681 972 3744 solum
996 3679 1144 3764 Romam,
1168 3679 1342 3745 sedetiam

177 3791 223 3855 in.
246 3791 423 3875 prouincias
449 3791 488 3856 ab
511 3789 623 3856 Ouidio
645 3789 766 3857 litteras
790 3790 829 3856 sd
852 3791 970 3856 amicos
993 3789 1083 3856 datus
1101 3809 1194 3872 essa,
1228 3789 1343 3855 confir-

177 3902 328 3966 mandum
354 3907 429 3968 erat.
1108 3925 1109 3928 ¹

249 4175 271 4243 ¹)
290 4173 467 4246 Quamquam,
486 4191 547 4228 cum
565 4173 717 4244 triumphus
737 4192 754 4229 o
774 4176 799 4231 d.
813 4175 868 4230 VII
886 4175 943 4231 cal.
983 4175 1034 4229 Iun
1054 4175 1158 4230 demum
1174 4177 1342 4242 actuserset,

179 4269 269 4338 potuit
286 4285 351 4322 sane
370 4268 504 4324 antehoc
523 4269 631 4338 quidem
649 4272 755 4340 tempus
774 4268 947 4324 eWoelffelii
966 4286 1073 4340 quoque
1092 4269 1197 4324 ratione
1216 4285 1257 4340 ep.
1267 4268 1342 4336 1v‚8

178 4363 261 4416 scribi
279 4362 325 4430 (ci.
341 4363 403 4420 Teo.
418 4363 487 4419 dnn.
499 4361 538 4431 II,
549 4364 601 4429 41).
