3178 5018
634 372 866 438 -109-

163 562 394 648 persepioiatm
409 564 548 628 earmine
564 561 662 628 Trist.
677 561 927 647 V,13inspooto.
945 559 1035 639 Quod
1051 569 1154 628 autem
1168 561 1338 628 sonuimus·

168 681 212 758 (p.
229 675 284 753 36)
316 672 429 754 attulit,
464 692 501 738 ea
527 673 565 737 de
582 691 684 738 eausa
705 671 871 759 epistolam
893 672 984 755 lv‚3
1006 674 1174 759 posteriori
1196 674 1334 758 tempori

167 784 398 850 attribuendam
415 803 497 863 esse,
514 783 597 867 quod
612 783 775 850 lenissime
790 789 912 850 tantum
928 783 1077 848 inimions
1089 785 1332 870 perstringatur,

165 914 204 959 ne
227 895 392 959 minimum
416 895 541 978 quidem
566 894 656 961 vaiet.
689 895 769 960 Nam
792 895 902 960 eodem
928 895 996 959 iure
1012 913 1073 978 quo
1089 893 1143 960 ille
1158 891 1334 980 prostratae

164 1005 227 1070 iam
261 1007 377 1071 mentis
410 1006 533 1086 signum
567 1005 641 1070 inde
677 1005 738 1070 sibi
772 1006 878 1087 sumit,
912 1005 975 1070 diei
999 1012 1112 1090 potest,
1146 1025 1207 1090 quo
1231 1007 1332 1088 magis

164 1122 260 1202 poeto
293 1116 392 1181 salute
426 1115 626 1202 desperaret,
661 1135 698 1180 eo
732 1117 875 1181 acerbius
911 1136 980 1182 eum
1005 1117 1148 1200 potuisse
1168 1117 1276 1182 invehi
1298 1117 1340 1182 in·

146 1210 327 1299 inimicos.
360 1247 439 1311 qnos
471 1234 562 1292 antea
595 1247 634 1292 ne
656 1226 805 1308 laederet,
840 1227 869 1292 ei
892 1226 1066 1292 timendum
1091 1233 1168 1295 eret.
1214 1227 1338 1305 Quam--

166 1337 271 1403 obrem
296 1338 460 1424 epistolam
482 1339 532 1418 IV,
550 1340 569 1403 3
588 1352 657 1403 'non
681 1344 792 1424 quarto
816 1339 976 1404 annosed
1000 1339 1103 1424 primo
1127 1339 1330 1405 habitationis

167 1448 350 1514 Tomitanae
373 1458 515 1534 tempore
539 1451 748 1535 compositam
774 1468 843 1514 esse
867 1451 998 1516 oonioio.
1034 1451 1098 1516 Sed
1121 1458 1251 1535 quaerat
1273 1451 1331 1515 oli-

168 1560 249 1643 quis,
274 1580 330 1624 our
351 1578 414 1623 non
439 1562 544 1627 statim
569 1561 653 1625 edita
676 1561 732 1640 sit,
757 1562 878 1646 quippe
897 1580 977 1645 quoe
1002 1563 1095 1626 amioi
1118 1562 1245 1627 nomine
1267 1581 1331 1626 non

165 1671 272 1733 addito
300 1671 418 1754 optime
447 1677 556 1756 posset
577 1672 677 1736 cuivis
702 1670 852 1736 Tristium
876 1670 956 1736 libro
991 1671 1077 1736 iniei.
1121 1671 1214 1749 Quod
1236 1666 1328 1736 faoile

166 1781 375 1864 componendi
409 1782 545 1860 rationo,
576 1802 638 1866 qua
660 1781 792 1847 Ovidius
826 1783 859 1847 in
883 1782 1034 1847 Tristium
1057 1783 1146 1848 libris
1170 1803 1248 1848 usus
1270 1788 1339 1862 est‚‘

165 1891 345 1977 explicatur.
391 1893 498 1958 Noluit
533 1895 615 1958 enim
651 1893 774 1957 adioere
804 1911 917 1960 novum
942 1913 1079 1959 ¹oarmen
1102 1894 1169 1958 eius
1192 1895 1339 1975 generis,¹

168 2005 257 2067 onius
291 2003 424 2084 singulis
459 2004 609 2070 Tristium
643 2002 745 2068 libris>
770 2005 893 2085 singule
925 2005 1066 2069 inseruit.
1118 2004 1164 2070 lta
1197 2004 1332 2090 epistota

163 2113 260 2177 multo
284 2121 376 2178 antea
404 2115 521 2199 seripta
546 2123 620 2200 post
642 2114 819 2199 complures
843 2115 966 2180 demum
991 2135 1091 2180 annos
1113 2116 1146 2179 in
1169 2113 1340 2199 pnoiienm¹

165 2224 292 2308 prodiit
329 2226 435 2309 Atque
458 2227 538 2290 hane
561 2226 687 2310 quidem
712 2246 775 2290 non
798 2233 889 2290 antea
910 2225 949 2290 ad
965 2245 1048 2307 eum,
1073 2226 1126 2309 qui
1142 2225 1329 2311 appellatum

164 2335 294 2400 missam
319 2356 400 2418 esse,
423 2339 580 2403 neminem
604 2338 712 2419 fugere
735 2341 849 2422 potest.

249 2445 346 2512 Plane
369 2447 430 2513 alio
453 2447 547 2513 modo
570 2449 602 2514 in
619 2448 760 2533 epistolis
775 2447 832 2514 XII
855 2453 888 2514 et
900 2447 971 2514 XIV
987 2449 1140 2532 temporis
1156 2447 1328 2529 indagandi

162 2556 294 2622 facultas
318 2567 527 2642 eomparatur.
572 2559 657 2636 Quas
680 2580 743 2624 non
768 2579 879 2640 magno
902 2559 1053 2645 temporis
1069 2557 1233 2624 intervallo
1261 2558 1327 2622 dis-

162 2666 284 2732 iunctas
300 2687 381 2750 esse,
398 2670 530 2733 indicari
555 2670 678 2734 ridetur
700 2670 843 2736 versibus
867 2671 898 2736 in
922 2669 1176 2754 alteriueoapite
1199 2670 1327 2754 positis:
1416 2683 1419 2692 ’

161 2775 244 2859 XIV,
271 2783 283 2842 l
308 2800 394 2863 sq.:·
1310 2801 1312 2804 ·

314 2891 399 2955 Haeo
410 2893 470 2956 tibi
483 2893 665 2970 mittuntur,
678 2911 773 2972 quem
789 2911 861 2956 sum
879 2890 980 2956 modo
990 2892 1011 2972 ¹)
1026 2892 1169 2955 earmina
1184 2895 1340 2971 questue,·

365 3003 436 3066 Non
459 3008 571 3084 aptum
593 3005 734 3066 numeris
754 3022 870 3066 nomen
893 3005 1008 3067 habere
1031 3004 1121 3066 meis.

247 3110 390 3195 Epistola
424 3115 506 3177 enim
541 3113 726 3178 duodecima
758 3115 898 3178 eontinet
920 3114 1026 3176 iudum
1051 3095 1143 3177 iilum*
1161 3113 1325 3177 metricum

164 3239 233 3286 oum
252 3221 394 3288 Tatioani
417 3224 544 3289 nomine
558 3224 735 3290 institutum
752 3226 795 3308 (v.
811 3226 940 3308 1-16)‚
964 3243 1001 3288 ex
1016 3242 1078 3308 quo
1095 3223 1325 3306 cognoscimus,

160 3351 224 3396 non
257 3334 360 3418 primo
397 3335 501 3400 statim
535 3342 676 3421 tempore
709 3335 748 3400 ad
782 3336 865 3400 huno
887 3337 1021 3400 amioum
1045 3354 1172 3401 oarmen
1193 3336 1327 3400 missum

161 3463 231 3508 osse
254 3445 472 3529 ctoriae:
1128 3429 1135 3438 '¹
1200 3463 1203 3469 ·

313 3557 398 3621 Haeo
420 3558 500 3620 mihi
523 3575 620 3622 eausa
641 3560 703 3624 fuit
725 3559 818 3622 dilati
840 3559 981 3622 muneris
1004 3559 1100 3622 huius

363 3669 452 3744 Quod
474 3687 565 3732 meus
587 3672 710 3734 adiecto
733 3672 839 3744 fenore
855 3671 967 3734 reddet
981 3687 1078 3734 amor.

248 3777 383 3844 Temere
403 3784 508 3843 autem
532 3780 699 3846 schulzins
721 3783 768 3868 (p.
785 3782 839 3863 31)
863 3779 1007 3845 versibus
1029 3781 1071 3844 39
1087 3793 1160 3864 eq.:‘

315 3890 363 3954 Tu
385 3892 480 3954 modo
501 3909 558 3973 per
579 3909 720 3974 superos,
744 3905 880 3975 quoram
902 3883 1101 3961 certissimus
1123 3891 1179 3956 ilie
1200 3893 1259 3970 est,
1331 3905 1335 3940 1

363 4003 430 4078 Quo
452 4006 529 4066 tuus
552 4003 685 4068 adsidue
706 4006 850 4086 principe
871 4005 971 4068 erevit
993 4005 1165 4068 honora-
1231 4045 1233 4052 .
1264 4017 1285 4070 :¹
1317 4021 1338 4051 ¹:

158 4267 360 4278 -mna-

227 4347 251 4419 ¹)
269 4349 309 4404 De
326 4350 401 4406 vorbi
422 4349 535 4419 „modo”
553 4351 580 4404 ri
598 4349 652 4405 alio
671 4350 732 4405 loeo
750 4352 806 4405 iarn
824 4351 935 4420 emmas.
