3178 5018
744 365 870 430 ...96
915 402 952 412 -

165 564 169 575 ¹
265 551 394 616 bruatur
404 553 437 635 ¹).
454 587 494 600 -
511 551 600 630 Hane
617 547 731 618 'severi
754 552 923 634 imaginem
947 573 964 618 e
983 553 1125 620 ‘carmine
1149 551 1236 634 libb
1258 553 1430 638 depingere

265 683 445 748 pessumus.
490 662 597 746 Neque
621 661 749 728 difficile
769 669 819 728 est
841 664 995 745 summere,
1020 682 1186 746 quemnam
1211 664 1309 730 virum
1332 684 1429 730 eme-

224 751 225 758 *
265 774 367 838 muria
398 772 483 838 illius
518 773 629 839 aetatis
663 783 773 840 nutum
796 773 929 840 Ovidius
963 773 1118 842 allocutus
1149 775 1198 842 sit
1244 773 1431 840 Fluruernnt

220 957 223 970 Ι
262 885 348 950 enim
372 890 473 950 aetate
497 884 654 951 Ovidiaua
675 884 737 952 duo
762 885 883 967 Severi,
906 884 983 952 ulter
1006 875 1148 964 Caesius,
1171 884 1251 951 alter
1265 885 1429 952 Cornelius

263 996 394 1061 nomine
416 995 577 1078 gentilicio
601 996 713 1065 dietus.
751 995 815 1062 Sed
832 995 977 1062 Cassium
992 995 1146 1064 Severum
1164 1002 1321 1070 ¹aratorem
1346 996 1427 1062 eele-

145 1197 148 1202 .
265 1107 434 1172 berrimum
468 1113 582 1173 neutra
615 1107 750 1192 epistula
788 1108 852 1192 peti
891 1105 982 1174 iaeile
1015 1109 1178 1177 evincitur.
1236 1107 1313 1176 Nam
1350 1117 1429 1174 teste

143 1243 171 1324 '¹
263 1218 489 1303 Hieronym02)
523 1220 557 1284 in
590 1218 684 1286 exilia
717 1225 847 1285 mertem
882 1219 961 1284 obiit
994 1239 1076 1284 enno
1108 1221 1150 1286 32
1174 1218 1294 1302 pObr.
1318 1219 1428 1300 uiginti

263 1331 400 1415 quinque
435 1331 526 1398 annis
559 1337 724 1415 postquam
760 1331 871 1415 putria
896 1329 1114 1414 pulsauerat,
1146 1331 1194 1398 ita
1215 1340 1250 1396 ut
1271 1331 1331 1397 iarn
1358 1338 1428 1396 ante

185 1509 187 1516 ,
265 1441 410 1507 Ovidium
430 1441 528 1506 Rama
548 1441 730 1508 decesserit.
768 1440 934 1508 Praeterea
956 1443 1014 1506 arti
1038 1443 1187 1528 poetisne
1205 1462 1281 1506 eum
1300 1462 1427 1526 eperum

264 1554 392 1618 dedisse
426 1573 489 1618 nen
521 1553 664 1619 traditam.
693 1587 734 1600 -
769 1552 856 1618 Alter
888 1573 905 1617 e
938 1553 1087 1620 Cornelia
1116 1560 1211 1634 gente
1242 1559 1328 1620 urtus
1363 1553 1429 1620 sula

264 1671 375 1749 putten
403 1663 511 1745 gloria.
535 1662 627 1730 uobis
657 1665 800 1746 cognitus
824 1671 881 1732 est.
926 1664 1057 1748 Deque
1081 1671 1206 1750 praeter
1228 1663 1373 1732 Ouidium
1399 1673 1429 1729 et

266 1776 508 1858 antiquissimus
541 1782 572 1840 et
604 1775 872 1860 loeupletissimus
894 1776 984 1842 testis
1008 1782 1063 1844 est.
1077 1775 1305 1855 Quintilianus,
1338 1777 1427 1844 euius

262 1886 369 1964 verba,
405 1907 474 1952 eum
508 1893 575 1952 ¹teta
597 1889 644 1952 eis
678 1888 818 1972 quaestio
847 1888 999 1954 inuitatur
1021 1887 1112 1972 plene
1135 1887 1359 1972 perseribamr
1378 1887 1427 1954 De

214 2077 217 2086 γ
261 1999 333 2062 inst.
351 2018 394 2065 er.
410 1995 453 2081 X,
472 2003 500 2080 1,
513 1999 568 2063 89:
591 1997 777 2082 „Cornelius
800 2005 905 2064 autem
923 1996 1070 2080 Seuerus,
1092 1999 1218 2066 etiamsi
1234 1997 1428 2072 versibuator

263 2129 354 2192 quam
390 2115 485 2194 putatu
518 2108 639 2190 melier,
673 2110 701 2174 si
734 2116 853 2190 tamen,
889 2109 1150 2192 dimidiatum,
1185 2110 1225 2175 ad
1248 2109 1423 2194 exemplum

261 2220 356 2306 primi
391 2219 464 2284 libri
499 2219 611 2286 bellum
625 2209 776 2286 'Siculum
803 2221 1042 2306 perseripisset,
1075 2221 1250 2288 vindiearet
1273 2221 1333 2286 sibi
1357 2221 1424 2289 iure

263 2332 435 2396 seeundum
456 2331 570 2397 laeum.
658 2381 665 2398 .
689 2383 696 2398 .
721 2333 931 2397 eonsummeri
955 2352 1039 2398 murs
1061 2333 1230 2404 immatura
1250 2353 1312 2400 non
1331 2351 1426 2416 pessa
1480 2421 1484 2428 Ι

263 2450 324 2522 est3
344 2442 484 2527 'puerilia
510 2451 613 2508 tamen
638 2443 705 2508 eius
723 2462 820 2526 opera
841 2449 872 2508 et
894 2444 1060 2508 maximam
1084 2443 1220 2510 indulem
1244 2443 1425 2526 ostendunt,

261 2561 291 2618 et
324 2553 540 2622 admirabilem
574 2555 743 2639 praecipue
775 2554 808 2618 in
846 2560 945 2620 aetate
978 2553 1032 2620 ille
1064 2554 1140 2620 reeti
1164 2556 1288 2636 generis
1312 2554 1424 2622 vulnu-

141 2719 143 2728 .
263 2666 388 2754 tutem?
432 2663 556 2742 Quanta
587 2666 664 2731 insit
696 2664 847 2732 lausana
873 2665 1031 2732 salumin
1054 2685 1107 2746 ee,
1131 2664 1424 2749 quedrseeundum

262 2775 382 2842 scilieet
403 2782 476 2861 pust
497 2775 678 2858 Virgilium,
716 2777 820 2843 laeum
847 2797 949 2862 paene
972 2777 1000 2842 ei
1026 2777 1176 2858 obtigisse
1199 2776 1333 2858 dieitur,
1368 2777 1425 2842 sed

259 2881 354 2952 etiam
378 2887 409 2952 in
433 2907 470 2952 eu
490 2888 624 2968 ratione,
659 2907 720 2972 qua
742 2889 946 2972 vituperatur,
980 2894 1123 2974 apertum
1146 2893 1203 2957 est.
1261 2887 1423 2971 Namque

261 2998 381 3078 ingenii
402 2997 472 3064 laus
495 2999 707 3079 imminuitur,
736 3018 774 3064 eo
793 3017 847 3064 ars
871 2998 1006 3066 effertur.
1055 2999 1186 3066 Duabus
1209 3004 1312 3066 sutem
1335 2997 1420 3068 ditii-

258 3107 430 3176 eultetibus
462 3109 550 3176 loeus
584 3109 756 3194 impeditus
790 3115 846 3176 est.
891 3109 1031 3180 Primum
1067 3110 1238 3194 quaeritur,
1270 3130 1345 3176 uum
1373 3131 1423 3191 uer

261 3239 341 3304 quae
376 3220 522 3302 leguntur
553 3228 626 3305 pest
660 3221 853 3304 „emendum
885 3220 1021 3302 lucum”‚
1049 3212 1184 3289 *omnim
1207 3221 1247 3289 ad
1270 3219 1420 3288 Severum

262 3333 447 3416 pertineant.
493 3331 527 3396 ln
560 3331 722 3399 eodiuibus
755 3333 898 3415 sequitur
933 3331 1137 3415 „wforreuum't
1153 3331 1423 3416 rel⁵„larrenum”

258 3443 342 3526 qued
375 3441 464 3508 alteri
498 3448 677 3528 corruptum
711 3463 781 3508 esse
804 3449 933 3508 censent
955 3462 993 3506 ex
1017 3443 1092 3526 „sed
1118 3442 1258 3526 eum'‘³),
1293 3442 1422 3514 ulteris

258 3553 386 3620 Serrani
408 3560 521 3640 petitae
543 3555 682 3635 numine,
706 3555 745 3620 de
768 3575 842 3638 quo,
867 3574 945 3639 quae
969 3553 1120 3640 deinueps
1141 3553 1304 3635 leguntur,
1328 3553 1422 3619 intel-

260 3665 394 3748 legenda
426 3665 614 3733 existimant.
670 3664 739 3743 Qua
772 3665 811 3731 de
844 3685 878 3731 re
912 3684 981 3732 uum
1015 3672 1134 3732 eertum
1167 3665 1334 3736 inditium
1353 3650 1421 3733 fieri

256 3781 405 3860 nequeat,
440 3775 532 3842 nobis
567 3776 692 3860 quidem
726 3777 772 3842 uti
794 3795 857 3859 nen
880 3775 953 3842 lieet
985 3777 1419 3861 bis·‘verbir-,·qu1ae··siud

256 3888 407 3954 Severum
429 3887 513 3956 baud
536 3888 630 3956 dubie
653 3889 858 3974 pertinerent,
875 3887 1005 3957 multum
1022 3889 1199 3957 conterreat
1213 3889 1253 3956 ad
1269 3909 1317 3971 ee,
1342 3907 1421 3972 quae

324 4163 347 4230 ¹)
365 4165 413 4219 cir.
432 4165 514 4218 Trist.
534 4161 640 4231 11‚553.

323 4258 346 4324 2)
365 4258 485 4313 Schuene
504 4275 527 4327 p.
550 4259 607 4312 149.

324 4351 347 4421 ³)
365 4353 403 4407 Ut
421 4353 468 4406 din
485 4352 623 4420 vulgatum
642 4355 706 4409 erut.
799 4373 801 4382 ¹
