3184 5008
645 374 853 438 ..29-

173 566 334 646 appareat.
379 565 427 628 Ac
448 553 581 647 primam
605 561 730 647 quidem
767 537 910 644 eiegiam,
946 567 1052 647 utpote
1084 567 1148 628 toto
1171 561 1251 628 libro
1275 561 1330 628 ab·

169 673 272 738 soluto
306 672 488 758 praefixam,
522 673 683 759 paululum
718 675 906 740 omittamus.
963 671 1150 738 Secundam
1175 679 1332 740 autemst

169 791 326 867 quartam,
349 783 463 868 qui-bus
487 787 689 870 tempestates
714 786 937 870 depinguntur,
962 786 1140 870 composuit
1160 790 1265 869 potita,
1281 783 1331 850 vel

171 896 364 980 compositas
386 894 487 977 fingit,
511 897 583 979 ipsa
605 897 764 964 etiamtum
798 897 827 960 vi
850 901 1011 964 ventorum
1046 896 1178 978 furente,
1213 916 1275 980 qua
1297 916 1331 962 se

169 1006 202 1071 in
232 1014 434 1091 conspectum
457 1006 562 1072 ltaliae
585 1006 715 1072 relatum
739 1007 863 1072 esseio
887 1012 1019 1090 utraque
1040 1013 1145 1072 narrat
1168 1008 1219 1091 (ci.
1236 1009 1266 1088 2,
1290 1007 1330 1072 91

170 1137 249 1201 sqq..
274 1119 305 1199 4,
327 1119 363 1182 17
379 1118 471 1200 squ).
506 1116 597 1196 Quod
613 1118 712 1201 siquis
728 1117 795 1183 fiori
813 1137 906 1202 posse
921 1123 1024 1199 neget,
1046 1125 1081 1182 ut
1095 1119 1176 1184 ritae
1190 1116 1330 1202 periculo

174 1229 359 1298 imminente
382 1228 495 1312 aliquis
518 1249 627 1296 versus
651 1229 794 1310 deducat,
813 1235 942 1294 atcerte
965 1229 1105 1293 carmina
1127 1228 1179 1294 ilia
1202 1247 1330 1316 compo-

172 1339 267 1404 nendi
291 1340 454 1406 consilium
480 1361 516 1404 eo
539 1349 681 1424 tempore
709 1341 812 1406 auimo
840 1347 1024 1424 conceptum
1060 1357 1140 1418 csse,
1173 1358 1236 1405 uon
1272 1345 1329 1420 est,

176 1453 251 1534 quin
277 1457 386 1535 potitae
409 1451 582 1518 credamus.
627 1451 765 1517 Tertium
789 1471 925 1532 carmen,
942 1471 1003 1535 quo
1020 1457 1113 1536 poeto
1127 1449 1330 1535 profectionis

168 1566 293 1645 tempus
319 1563 544 1642 reminiscitur,
568 1581 629 1645 quo
652 1561 721 1628 loeo
745 1563 954 1646 compositum
978 1562 1029 1640 sit,
1050 1561 1195 1643 cognosci
1211 1561 1329 1646 nequit.

169 1671 232 1736 Sed
256 1693 317 1756 qno
340 1674 440 1754 magis
473 1679 614 1757 tempore
648 1673 722 1738 talia
749 1674 777 1736 ei
807 1673 967 1741 inanimo
991 1673 1130 1738 haesisse
1154 1672 1330 1752 credamus,

170 1802 261 1866 quam
297 1803 345 1868 eo,
380 1803 449 1848 cnm
484 1784 515 1848 iu
551 1784 653 1867 prima
685 1784 810 1848 itineris
844 1789 933 1867 parte
970 1788 1140 1868 occupatus
1163 1773 1329 1848 esseti—

170 1893 266 1958 Multo
290 1900 390 1960 autem
416 1893 573 1958 difficilior
596 1895 700 1962 evadit
722 1895 863 1978 quaestio
887 1895 925 1960 de
953 1893 1085 1978 epistola
1108 1895 1224 1977 quinta.
1258 1892 1327 1957 Pri-

169 2026 271 2083 mum,
300 2006 332 2070 iu
355 2006 401 2072 eis
425 2025 504 2089 quae
527 2012 696 2076 occurrunt
716 2025 831 2085 genere
853 2005 983 2098 dicendi
1010 2025 1026 2069 e
1049 2025 1083 2068 re
1106 2003 1208 2082 navali
1231 2005 1330 2087 petita

170 2135 199 2181 v.
217 2117 261 2205 ,17
285 2135 345 2198 sq.:

321 2227 355 2290 Si
378 2232 485 2292 tamen
507 2229 585 2292 hacc
607 2230 699 2294 navis
723 2233 815 2294 vento
838 2231 971 2290 terretur
992 2228 1105 2304 emico,
1155 2249 1157 2256 ¹

359 2339 572 2430 *ignoraretur
593 2342 737 2406 forsitam
760 2341 817 2402 ills
833 2341 922 2403 tides.

696 2455 727 2514 et
749 2453 804 2514 36:

319 2561 358 2626 Et
380 2563 453 2626 date
474 2563 638 2641 pannagio
659 2563 756 2626 litora
775 2565 848 2627 tuta
869 2561 952 2626 meo!
1237 2626 1245 2660 Ἰ

167 2671 372 2737 translatione
394 2679 488 2756 poeta
509 2675 622 2752 utitur,
658 2669 703 2736 ita
734 2680 769 2736 nt
790 2673 984 2738 coniectandi
1007 2673 1243 2738 fundamentum
1266 2691 1330 2736 oon

169 2782 348 2868 praebcant.
393 2781 581 2866 Magnopero
602 2789 707 2848 summ
730 2784 901 2848 retinemur
922 2783 1066 2849 versibus
1089 2785 1129 2850 61
1152 2803 1216 2867 sq.:

319 2894 385 2960 Nos
408 2895 488 2958 freta
509 2895 670 2959 sideribus
692 2895 771 2958 totis
794 2895 948 2958 distantia
969 2913 1096 2960 mensos

369 3006 490 3070 Detulit
512 3007 545 3069 in
568 3005 692 3070 Geticos
716 3006 859 3070 Caesaris
881 3007 929 3070 ira
951 3006 1051 3070 sinus.

250 3115 361 3182 Nonne
395 3121 535 3201 poetam,
563 3136 631 3180 cum
657 3135 694 3180 ca
716 3111 881 3194 scriberet,
913 3116 975 3180 iam
999 3107 1119 3182 Tomis
1136 3115 1329 3182 domicilium

166 3227 332 3311 posuisse,
354 3226 423 3292 luce
447 3226 560 3292 clarius
583 3226 723 3292 videtur?
762 3225 851 3303 Quod
875 3226 929 3311 qui
952 3227 1054 3312 possit
1075 3227 1235 3294 conciliari
1257 3246 1329 3292 cum

168 3337 273 3422 ipsius
294 3337 411 3403 indicio
435 3339 468 3404 in
491 3336 625 3423 epistola
647 3338 813 3404 undecima
834 3339 931 3420 iacto,
955 3357 1018 3404 oon
1040 3343 1138 3424 patet.
1181 3339 1329 3404 Attamen

166 3449 228 3515 iter
260 3455 325 3514 turn
354 3448 506 3533 temporis
535 3449 675 3515 noudum
703 3452 874 3535 perfectum
903 3449 1019 3532 fuisse,
1054 3449 1150 3516 altero
1179 3449 1330 3516 carminis

170 3558 273 3642 quinti
301 3558 369 3624 loco
397 3559 626 3644 comprobatur.
672 3559 706 3627 in
733 3562 967 3647 comparatione
989 3561 1073 3626 enim
1094 3559 1150 3626 illa
1169 3561 1250 3627 inter
1272 3579 1330 3627 sua

155 3668 275 3754 ipsios
301 3675 331 3734 ct
352 3668 450 3736 Ulixis
473 3671 537 3735 fata
558 3671 701 3738 instituta
723 3677 816 3757 poeta
837 3671 917 3738 haec
937 3671 1069 3757 profert:
1092 3691 1121 3738 v.
1144 3671 1186 3737 65
1209 3691 1270 3757 sq.:

318 3781 376 3846 ille
398 3801 491 3846 suam
512 3784 616 3847 laetus
638 3785 776 3866 patriam
797 3786 961 3866 victorque
982 3786 1121 3866 petebat,

372 3893 400 3956 A
422 3895 527 3974 patria
548 3895 635 3974 fugio
657 3896 761 3960 victus
784 3899 816 3959 ct
837 3896 929 3960 exsul
951 3914 1018 3975 ego.

251 4001 330 4068 Nam
358 4003 499 4086 fugiendi
528 4003 655 4070 verbum
683 4003 744 4070 hoc
771 4004 840 4070 loco
863 4023 927 4070 non
949 4004 1137 4071 Graecorum
1160 4023 1246 4070 more
1269 4024 1327 4090 pro

167 4111 313 4179 exulandi
339 4114 469 4180 notione
490 4115 628 4200 positum
652 4134 739 4198 esse,
773 4115 848 4182 inde
871 4122 1015 4201 apparet,
1051 4116 1134 4200 quod
1156 4115 1330 4201 opponitur

168 4224 296 4309 petendi
327 4223 452 4291 actioni.
498 4223 582 4303 Quid
607 4225 705 4305 igitur
733 4225 937 4292 deversitor
962 4225 1215 4312 supralaudatis
1240 4225 1324 4292 indi-

168 4333 299 4405 camus?
333 4332 471 4401 Possunt
486 4334 609 4401 duobus
626 4334 729 4402 modis
746 4335 791 4402 itu
807 4335 968 4424 explicari,
991 4343 1026 4404 nt
1039 4336 1218 4420 difficultas,
1235 4355 1328 4421 quam
