3178 5018
528 374 861 460 ·-7sa.-

148 569 151 580 ’
219 633 222 640 Ι
324 559 458 642 Excipe
480 537 703 674 naqiraglum
725 580 790 626 non
812 562 892 626 duro
916 561 1024 626 littore
1047 567 1202 640 nostrum,
1347 525 1425 648 stt„

376 671 423 736 Ne
444 673 540 738 fuerit
560 676 644 738 terra
665 673 766 738 tutior
787 673 874 736 unda
895 671 983 736 tuol.

699 787 731 848 ec
754 785 808 846 67:
922 813 924 820 ¹

260 967 264 970 ,
325 894 397 958 Non
418 913 476 973 ego
498 895 593 958 caede
614 912 730 964 nocens
753 895 789 958 in
809 893 1021 976 Pontilitora·
1043 895 1125 968 rem,
1236 921 1239 930 ·

447 1068 507 1084 ,,
641 1023 907 1085 c.=q.s....1
1021 1053 1024 1068 .

256 1116 426 1198 Aegialia
448 1115 572 1200 quidem
596 1115 691 1197 regis,
716 1116 743 1182 sl
767 1116 895 1180 omnino
918 1116 1053 1200 pretium
1071 1114 1215 1194 habebat,
1240 1135 1333 1200 quam

62 1271 66 1296 .
168 1227 324 1292 citissima
347 1226 559 1312 comparanda
581 1234 657 1307 erat,
681 1227 728 1292 ita
750 1232 786 1292 ut
808 1225 860 1292 vix
875 1225 1105 1308 intellegamus,
1129 1245 1186 1291 cur·
1202 1225 1335 1292 Ovidius

168 1358 254 1404 anno
288 1337 413 1404 demum
440 1340 477 1402 12
499 1336 548 1402 vel
573 1337 611 1402 13
645 1357 717 1402 cunr
751 1336 874 1404 adierit.
920 1333 1133 1420 Quamquam,
1159 1331 1237 1402 'cum
1272 1357 1334 1421 quo

168 1469 252 1515 anno
276 1448 372 1534 Cotys
394 1453 524 1530 regnum
548 1449 718 1533 acceperit,
743 1468 805 1514 non
829 1460 1025 1533 compertum
1049 1447 1237 1529 habeamus,
1264 1469 1335 1513 susa

168 1561 327 1646 pieicnem
351 1579 443 1643 quam
466 1559 616 1625 iudicium
640 1579 816 1646 proponere
841 1559 932 1624 malo.

255 1671 402 1755 Denique
427 1671 507 1736 duae
529 1670 680 1756 epistolae
703 1669 764 1748 Ld
787 1676 818 1736 et
839 1667 930 1752 illo,
959 1670 998 1736 ad
1022 1669 1210 1736 Graecinum
1235 1670 1335 1752 datae,

167 1783 204 1848 in
238 1782 453 1866 quaestionem
487 1782 627 1848 veniunt.
671 1781 719 1848 Dc
753 1799 816 1865 quo
843 1782 927 1862 viro,
962 1801 1042 1864 quae
1069 1780 1108 1845 ad
1131 1780 1334 1866 epistolarum

168 1893 307 1960 indolem
331 1891 583 1979 perspiciendam
606 1893 774 1978 pertinent,
799 1911 962 1976 exponam.

256 2003 333 2069 Erat
354 2004 473 2070 amicus
495 2003 609 2069 intima
629 2002 768 2068 amicitia
783 2022 852 2066 cum
869 2001 982 2068 O'vidio
999 2004 1195 2068 coniunctus.
1233 2001 1333 2068 Cuius

164 2116 247 2182 «fides
270 2122 389 2198 quanto
410 2113 521 2180 solatio
545 2112 627 2180 exuli
649 2119 760 2199 poetae
782 2113 894 2193 fuerit,
923 2133 960 2178 cr
983 2113 1117 2198 epistola
1139 2113 1179 2178 ad
1202 2115 1332 2178 fratrem

165 2227 248 2308 eius,
272 2225 429 2308 Flaccum,
453 2226 549 2290 missa
572 2225 790 2305 cognoscimus
812 2223 836 2298 l,
854 2225 904 2290 10.
921 2225 962 2287 39
977 2243 1039 2306 sq:

273 2396 276 2405 .
321 2337 385 2401 Vos
407 2337 484 2401 estis
506 2338 605 2401 lraeto
627 2337 723 2402 tellus
746 2353 809 2400 non
832 2337 912 2400 dura
934 2335 1074 2415 plraselo,

341 2492 344 2498 -
371 2449 535 2529 Quamque
556 2451 672 2526 negant
694 2447 799 2526 multi,
821 2465 877 2508 ros
901 2447 977 2510 milri
1002 2447 1091 2510 tertis
1115 2464 1218 2526 (sptem.

684 2579 709 2623 e.
735 2579 764 2638 q.
788 2577 813 2622 s.

134 2733 137 2740 .
252 2671 328 2736 lnde
351 2677 455 2736 autem
481 2689 501 2734 a
522 2670 626 2755 prima
646 2669 807 2735 iuventute
830 2667 911 2734 hanc
933 2669 1103 2734 amicitiam
1132 2667 1333 2752 perdurasse,

163 2782 336 2848 edocemur
361 2780 428 2845 loco
452 2781 585 2863 quodam
611 2783 760 2844 Annorum
784 2777 821 2844 ll.
842 2781 889 2842 tu.
910 2782 939 2843 l:

318 2893 367 2957 'lu
390 2894 478 2972 milri,
500 2897 538 2956 tu
560 2898 643 2956 certe
666 2929 706 2936 -
729 2892 859 2954 memini
884 2928 934 2966 ----,
959 2891 1119 2960 Graecina,
1142 2893 1294 2970 negabas,

369 3003 439 3070 Uno
461 3022 554 3084 posse
577 3004 717 3082 aliquem
738 3007 880 3082 tempore
904 3019 1010 3066 amere
1034 3002 1122 3066 duas.

252 3113 402 3180 Videmus
441 3112 613 3178 studiorum
652 3111 804 3176 summam
840 3109 1023 3178 affluitatem
1063 3113 1090 3176 ei
1129 3129 1200 3178 curn
1236 3118 1332 3197 poeta

164 3225 404 3304 intercessisse,
431 3225 679 3309 participemque
702 3223 792 3306 qnasi
816 3242 887 3288 eum
916 3224 1015 3289 luisse
1044 3231 1075 3290 et
1097 3222 1273 3290 adiutorem
1296 3225 1330 3288 in

161 3334 364 3402 carminibus
386 3334 579 3400 iuvenilibus
601 3334 840 3418 componendis.

161 3503 164 3508 .
254 3447 345 3512 Hunc
368 3447 468 3510 virum
494 3445 625 3510 Ovidius
650 3446 698 3510 lris
722 3444 1036 3528 alloqueretur:

323 3558 453 3639 Ecquid,
477 3545 513 3622 ut
536 3559 655 3622 audisti
679 3595 719 3604 —
742 3577 817 3622 nam
839 3563 873 3621 to
896 3560 1021 3624 diversa
1042 3559 1171 3622 tenebat

372 3669 468 3734 Terra
490 3705 531 3714 -
554 3686 642 3748 meos
665 3687 769 3747 casus,
793 3687 846 3732 cor
867 3670 929 3732 tibi
951 3671 1043 3734 triste
1065 3667 1147 3734 mit?

254 3779 280 3846 E
314 3778 429 3864 quibus
452 3763 629 3845 Gracberus
663 3783 707 3865 (p.
723 3777 837 3856 Xlllll)
872 3778 1048 3844 rectissime
1081 3777 1255 3860 conclusit,
1289 3780 1336 3844 sic

163 3911 230 3958 non
253 3891 396 3977 potuisse
417 3895 543 3975 poetam
566 3889 668 3973 loqui,
697 3891 760 3956 nisi
784 3909 855 3956 cum
878 3890 1014 3975 primum
1039 3889 1173 3975 epistola
1195 3890 1331 3955 amicum

162 4001 278 4069 adiret.
327 4003 368 4068 At
401 4021 472 4067 cum
505 3999 677 4066 Graecinus
711 4021 748 4068 co
783 4009 942 4086 tempore,
978 4021 1038 4085 qno
1073 4000 1205 4067 Ovidius
1238 3999 1338 4066 Roma

162 4113 292 4200 pulsus
311 4118 372 4195 est,
405 4112 679 4198 peregrinaretur,
712 4131 817 4179 nonne
839 4111 1009 4198 plurimum
1034 4118 1146 4197 poetae
1174 4109 1336 4193 intererat,

164 4230 201 4290 ut
223 4244 316 4307 quam
340 4223 477 4309 primum
508 4230 729 4305 cognosceret,
765 4244 857 4307 quam
881 4243 957 4306 erga
978 4243 1012 4288 se
1031 4220 1223 4290 voluntatem
1247 4231 1336 4290 vetus

167 4336 287 4402 amicus
312 4333 461 4400 haberet?
506 4333 682 4400 Adeundus
704 4333 802 4415 igitur
824 4334 858 4402 ei
876 4339 959 4416 erat,
995 4332 1184 4418 simulatque
1207 4354 1296 4400 mens
1320 4355 1339 4399 a

1103 4455 1133 4507 6·
