3178 5018
741 387 952 452 „70-

267 575 369 656 quarti
390 572 462 640 libri
486 574 628 661 epistolis
651 574 826 640 scribendis
849 579 1033 660 occupatum
1050 573 1160 656 luisse,
1185 579 1215 639 et
1229 572 1426 657 triumphum

231 735 232 740 1
269 684 434 752 aTiberio
458 691 560 750 actum
594 705 664 751 esse
695 684 903 770 iampridem
927 686 1070 765 novisse,
1104 688 1215 769 postea
1236 683 1423 748 bidebimus.

271 798 368 862 Cuius
391 796 454 862 diei
476 797 550 863 16611
572 797 605 861 in
627 797 802 881 posteriore
825 795 951 862 demum
974 796 1108 882 epistola
1123 796 1225 861 eidem
1241 793 1351 875 Fabio,
1369 793 1426 858 ad·

267 927 360 990 6666
382 907 460 973 haec
482 905 554 972 data
576 912 633 990 est,
657 907 848 973 mentionem
871 906 951 988 lieri,
975 906 1067 972 modo
1092 905 1237 971 diximus.

350 1019 588 1084 Commoremur
613 1024 715 1084 autem
745 1018 837 1083 etiam
866 1016 1026 1104 paululum
1056 1017 1088 1082 in
1118 1015 1271 1083 hocloco
1297 1035 1429 1082 necesse

221 1211 226 1218 ι
266 1136 322 1195 661.
369 1129 446 1196 Nam
475 1130 526 1194 bic
549 1130 673 1195 demum
697 1129 789 1215 plane
812 1129 921 1214 perlici
943 1137 1048 1216 potest
1070 1129 1241 1215 disputatio
1263 1127 1334 1208 illa,
1364 1147 1428 1212 qua

265 1261 360 1326 supra
387 1241 419 1305 in
450 1240 552 1326 prima
579 1241 673 1305 buius
701 1240 844 1326 opusculi
867 1248 955 1325 parte
978 1241 1039 1304 iam
1063 1241 1102 1305 ad
1132 1259 1284 1305 summam
1313 1239 1425 1305 verisi-

266 1352 474 1417 militudinem
502 1352 685 1437 perductum
721 1360 785 1433 est,
809 1357 933 1438 poetam
957 1352 1065 1418 eadem
1090 1354 1182 1418 etiam
1211 1352 1331 1434 hieme,
1365 1371 1429 1436 qua

265 1463 384 1528 ltaliam
402 1463 541 1547 reliquit,
559 1461 675 1528 Tomos
688 1463 879 1549 pervenisse.
914 1463 992 1528 Nam
1007 1462 1081 1528 inde
1097 1463 1137 1528 ab
1152 1463 1255 1530 hieme
1271 1481 1424 1528 annorum

264 1575 350 1648 9110
380 1573 438 1639 hoc
464 1573 532 1639 loco
556 1574 589 1638 id
611 1574 762 1659 temporis
785 1573 919 1660 spatium
947 1576 1136 1660 computari,
1170 1575 1254 1659 quod
1277 1574 1425 1660 poetain

263 1686 335 1771 ipsa
357 1685 486 1770 Scythia
508 1685 603 1767 degit,
628 1691 768 1770 apertum
792 1692 849 1751 est.

349 1795 546 1862 Accedamus
563 1796 603 1861 ad
619 1795 751 1861 alterum
769 1817 874 1862 eorum
892 1796 1043 1878 locorum,
1061 1817 1139 1881 qnos
1156 1797 1248 1862 modo
1265 1796 1428 1862 attulimus

266 1907 304 1973 de
321 1928 381 1991 666
405 1907 464 1972 viri
487 1907 570 1972 docti
594 1909 697 1973 minus
721 1910 929 1976 consentiunt.
967 1907 1158 1975 Brundesius
1182 1909 1264 1974 enim
1289 1915 1333 1993 (p.
1351 1909 1425 1991 350,
1454 1969 1456 1980 ,

263 2017 373 2084 Hiems
396 2017 450 2101 lV)
479 2023 663 2084 autumnum
691 2020 765 2084 anni
793 2021 907 2099 131766
934 2020 1106 2102 intellegit,
1136 2021 1232 2085 ceteri
1256 2029 1426 2085 6666666

264 2130 472 2212 deducuntur,
497 2136 533 2195 ut
548 2141 691 2213 quartum
711 2137 893 2196 autumnum
913 2151 975 2196 non
999 2138 1082 2217 post,
1107 2132 1257 2197 sedante
1281 2138 1425 2216 quartam

265 2240 351 2306 exilii
372 2241 505 2306 hiemem
529 2247 655 2326 666616
677 2242 779 2306 visum
804 2261 873 2307 6666
897 2243 1097 2322 contendant,
1121 2244 1165 2306 ita
1188 2248 1222 2307 ut
1245 2242 1284 2306 ad
1307 2261 1425 2307 annum

264 2353 379 2427 121766
405 2351 538 2438 epistola
559 2351 622 2431 l‚8
649 2352 815 2418 referenda
841 2355 890 2419 sit.
937 2352 1069 2418 Maxime
1099 2357 1203 2418 autem
1228 2355 1341 2418 mirum
1366 2359 1426 2434 661,

264 2464 347 2547 quod
371 2462 536 2529 Massonus
566 2464 618 2545 (ad
642 2483 712 2528 666.
736 2461 808 2544 llll,
833 2463 874 2547 ll)
903 2484 1027 2549 666666
1056 2464 1139 2529 idem
1168 2463 1228 2530 sibi
1257 2464 1425 2549 persuasit,

265 2594 453 2658 quamquam
478 2575 510 2640 in
534 2575 672 2639 carmine
695 2574 791 2641 Trist.
814 2574 866 2658 lV,
890 2578 910 2640 6
937 2575 1106 2642 secundum
1136 2576 1221 2641 exilii
1244 2583 1427 2642 autumnum

262 2686 332 2771 ipse
355 2705 435 2750 6666
462 2685 747 2759 111764611116611.
792 2686 856 2751 Sed
879 2687 960 2752 duee
982 2689 1135 2770 rationes,
1166 2688 1279 2772 quibus
1302 2687 1426 2752 illorum

263 2797 449 2862 sententiam
474 2797 655 2877 refutemus,
680 2797 711 2861 in
735 2803 882 2882 promptu
906 2805 986 2865 6661.
1246 2880 1249 2886 ¹

347 2907 486 2972 Alteram
510 2908 602 2972 modo
626 2907 744 2972 maiore
768 2928 864 2992 opera
886 2909 977 2974 nobis
1001 2911 1261 2995 comparavimus.
1299 2909 1425 2976 Etenim

263 3039 329 3083 non
347 3018 447 3084 solum
464 3020 591 3084 omnino
615 3017 778 3103 probabile
800 3020 902 3084 visum
927 3027 984 3102 est,
1008 3027 1134 3106 poetam
1158 3023 1190 3086 in
1214 3023 1260 3087 616
1284 3021 1427 3108 epistolis

149 3199 152 3208 ,
262 3137 439 3216 temporum
469 3131 611 3194 ordinem
639 3148 701 3193 non
731 3129 976 3209 disturbavisse,
1000 3133 1033 3195 in
1063 3131 1193 3214 quibus,
1223 3152 1302 3216 6666
1324 3139 1428 3214 66166,

265 3260 405 3324 6666666
439 3247 548 3325 postea
580 3247 653 3304 nata
686 3240 741 3322 sit,
775 3243 877 3326 primo
907 3243 1010 3308 statim
1038 3243 1147 3309 obtutu
1175 3251 1428 3326 cognosceretur,

265 3351 320 3416 sed
344 3352 437 3416 61166
465 3372 498 3415 rs
522 3371 595 3415 vera
617 3351 650 3415 id
673 3350 841 3432 diligenter
863 3353 903 3417 ab
926 3373 962 3418 eo
987 3355 1138 3420 evitatum
1163 3376 1249 3438 essa,
1279 3361 1430 3440 quattuor

265 3460 416 3546 exemplis
445 3460 610 3547 probatum
644 3467 709 3543 ost,
737 3464 770 3526 in
806 3463 920 3547 quibus
948 3485 1028 3548 quae
1058 3465 1139 3531 inter
1163 3467 1252 3532 binas
1276 3467 1428 3551 epistolas

265 3574 344 3637 ratio
371 3573 595 3653 intercederet,
622 3573 714 3638 facile
743 3575 880 3659 perspici
908 3583 1039 3660 poterat.
1091 3576 1181 3654 Quod
1210 3583 1426 3660 argumentum

264 3700 369 3748 nonne
392 3684 489 3764 66116
512 3685 612 3766 magis
636 3685 773 3770 pertinet
794 3687 833 3751 ad
859 3685 931 3752 libri
954 3689 1048 3772 primi
1072 3689 1222 3774 epistolas
1244 3689 1314 3755 illas
1337 3691 1427 3772 duas,

263 3815 341 3878 quae
359 3815 419 3879 quo
436 3796 547 3861 ordine
563 3817 597 3862 se
614 3799 780 3883 excipiant,
795 3817 857 3861 666
882 3801 1120 3881 argumentandi
1144 3820 1241 3887 opera
1262 3803 1427 3883 conicitur,

263 3906 319 3971 sed
340 3907 481 3972 numeris
505 3914 611 3992 aperte
634 3907 810 3973 indicatur?
833 3947 873 3956 -
902 3910 1009 3994 Neque
1032 3912 1136 3976 minus
1160 3912 1310 3997 ponderis
1335 3912 1431 3978 babet

262 4016 391 4082 alterum
412 4024 641 4100 argumentum,
665 4019 755 4084 cuius
772 4017 937 4086 Massonus
960 4020 1021 4087 alio
1043 4021 1113 4087 loco
1137 4023 1428 4107 (6666666111)

262 4127 301 4192 ab
320 4128 389 4212 ipso
406 4128 529 4214 probati
544 4128 596 4193 hic
614 4129 707 4215 plane
730 4130 845 4195 oblitus
869 4138 925 4197 est.
964 4131 1042 4197 Nam
1065 4133 1092 4197 si
1116 4152 1212 4219 supra
1233 4135 1265 4199 in
1289 4135 1429 4200 carmine

262 4237 355 4304 Trist.
379 4239 465 4320 luc
497 4257 561 4304 non
594 4241 754 4326 potuimus
784 4240 869 4308 exilii
901 4246 1067 4308 autumnos
1094 4263 1260 4311 numerare
1287 4245 1361 4312 inde
1388 4246 1430 4311 ab

261 4353 410 4415 autumno
440 4350 513 4416 anni
536 4352 650 4435 91762,
677 4351 761 4418 1666
789 4353 849 4419 hoc
876 4353 945 4419 loco
974 4355 1068 4419 etiam
1096 4355 1193 4422 multo
1221 4358 1326 4422 minus
1354 4376 1429 4442 per·
