3178 5018
658 415 886 480 -101-

187 596 284 664 minis
319 596 404 665 illius
430 599 664 681 Anacreontiei,
684 601 783 684 .quod
815 601 928 687 incipit
955 603 1114 671 acerbis:
1150 607 1238 670 Θέλω
1258 610 1357 686 Υλέγειν

181 711 367 795 Ἀτρείδας,
389 717 474 776 θέλω
500 712 533 778 δὲ
556 714 686 796 Κάδμον
703 713 790 799 ᾄδειν
813 761 821 778 .
844 759 851 778 .
876 760 883 778 .
907 734 933 780 e.
950 734 982 798 q,
997 736 1022 780 8.
1045 721 1202 780 auctorem
1226 736 1260 780 re
1282 735 1357 780 vera

188 821 382 888 carminibus
416 823 517 908 epicis
550 843 676 908 operam
720 824 858 904 dedisse,
893 826 1078 910 priusquam
1112 826 1151 891 ad
1175 827 1234 891 hoc
1255 826 1356 892 levius

182 951 288 1015 genus
318 933 500 1000 accederet?
544 933 613 1000 Non
636 935 882 1016 magistatem,
906 955 999 1019 qnam
1027 936 1122 1003 huius
1149 943 1261 1022 poetae
1286 937 1356 1003 Vir·

185 1042 261 1123 gilii
295 1043 392 1108 verba
424 1045 597 1130 premenda
618 1051 700 1114 sunt.
723 1082 766 1094 —-
788 1045 970 1130 Praeterea,
1006 1056 1042 1114 nt
1062 1047 1246 1132 ampliorem
1271 1046 1355 1114 illam

185 1155 221 1220 in
245 1157 329 1236 regis
352 1157 481 1222 nomine
504 1175 574 1222 esse
597 1157 859 1238 significationem
883 1177 946 1222 non
969 1157 1120 1243 probatur
1141 1159 1218 1223 locis
1241 1159 1355 1242 allatis,

183 1267 233 1334 ita
266 1268 472 1347 grarimimae
506 1269 644 1334 rationes
674 1269 814 1351 obstant,
850 1269 1018 1353 quominus
1043 1267 1193 1335 bellorum
1216 1270 1354 1336 civilium

189 1377 285 1444 duces
313 1379 359 1444 sic
386 1378 537 1463 appellari
560 1380 705 1464 potuisse
728 1379 903 1446 credamus.
949 1379 1034 1457 Quos
1058 1379 1207 1446 Horatius
1227 1381 1354 1464 quidem

188 1509 371 1572 nonroges,
394 1490 450 1556 sed
474 1491 635 1577 principes
659 1491 736 1556 dicit
756 1490 829 1576 (Od.
846 1491 883 1573 ll,
905 1497 930 1573 l,
947 1491 992 1571 4).
1037 1491 1223 1558 Rectissime
1241 1501 1350 1558 autem

188 1600 332 1668 Haubius
356 1604 399 1686 (p.
418 1605 472 1682 12)
496 1603 627 1683 monuit,
651 1601 690 1666 de
712 1601 797 1667 illius
820 1603 932 1669 aetatis
955 1603 1036 1668 viris
1052 1603 1280 1688 potentissimis
1299 1604 1356 1668 hoc

193 1732 306 1778 nomen
340 1713 487 1798 usurpari
520 1733 582 1778 non
616 1733 711 1798 posse
744 1713 806 1778 nisi
830 1733 971 1778 summae
1003 1733 1074 1778 cum
1098 1714 1235 1779 invidiae
1269 1723 1353 1795 uota,

185 1843 271 1906 quae
299 1844 333 1888 re
363 1844 436 1888 vera
464 1830 537 1909 post
559 1823 749 1907 Tarquinios
772 1823 920 1909 expulsos
947 1833 1011 1890 tam
1039 1826 1165 1911 penitus
1195 1827 1224 1890 ei
1252 1826 1357 1890 inusta

187 1935 261 2015 luit,
297 1940 331 1998 ut
360 1954 521 2019 nonquam
555 1933 637 2000 ullus
672 1935 845 2020 imperator
872 1934 1029 2000 Romanus
1064 1957 1101 2000 eo
1119 1957 1169 2000 >se
1205 1936 1355 2021 appellari

192 2044 335 2110 voluerit.
382 2044 472 2122 Quod
496 2047 590 2110 etiam
619 2046 653 2110 in
675 2046 867 2112 carminibus
884 2044 1048 2114 Ouidianis
1071 2047 1300 2128 cognoscimus,
1325 2047 1356 2111 in

192 2156 306 2240 quibus
322 2155 483 2236 Augustus
506 2157 678 2240 imperator
701 2157 778 2222 deus
795 2177 857 2222 non
873 2157 970 2222 semel
986 2157 1172 2242 ¹appellatur,
1195 2178 1357 2241 nunquam

186 2267 276 2346 segis
299 2266 387 2332 titulo
411 2275 549 2333 ornatur.
580 2267 832 2350 (curriculus
855 2289 892 2332 ex
914 2266 948 2334 P.
965 2267 990 2348 L
1006 2269 1036 2348 6,
1052 2269 1104 2334 46.
1130 2271 1158 2350 1,
1174 2271 1240 2350 48.)
1285 2267 1354 2346 Quo

191 2377 345 2458 eflicitur,
365 2399 490 2445 carmen
513 2379 588 2445 illud
612 2379 728 2462 regale,
752 2400 814 2463 quo
837 2379 958 2446 scilicet
979 2399 1087 2461 regum
1105 2380 1186 2444 facta
1202 2381 1357 2444 caneban-

189 2497 254 2568 tur,
279 2509 341 2554 non
365 2511 434 2556 esse
459 2492 572 2556 bellum
596 2475 737 2558 Siculum
762 2511 780 2555 a
802 2490 995 2569 Quintiliano
1017 2491 1189 2557 laudatum.

184 2645 187 2651 s
277 2602 385 2686 Neque
397 2603 429 2667 id
438 2602 594 2668 Haubium
606 2605 697 2684 fugit,
711 2604 764 2687 qul
776 2623 816 2668 ne
831 2604 893 2669 duo
904 2605 1002 2668 luisse
1015 2603 1123 2668 Sereni
1136 2603 1275 2668 carmina
1286 2622 1360 2668 con·

189 2713 334 2796 cederet,
351 2714 395 2777 ita
410 2733 474 2777 rem
492 2712 649 2798 explicare
665 2721 795 2779 conatus
812 2721 860 2779 est
875 2717 919 2799 (p.
934 2715 999 2796 13),
1023 2719 1058 2778 ut
1073 2720 1196 2798 poetam
1213 2713 1362 2777 carminis
1477 2734 1482 2743 ¹

195 2824 320 2889 initium
346 2824 470 2909 cepisse
493 2832 650 2909 proponat
669 2845 688 2888 a
708 2841 816 2904 regum
832 2823 1042 2894 Romanorum
1059 2824 1149 2889 factis
1165 2824 1361 2905 enarrandis,
1414 2843 1415 2852 ¹

195 2942 261 2998 tum
280 2933 397 3001 liberae
419 2934 611 3022 reipublicae
627 2934 821 3018 temporibus
842 2934 976 2999 breviter
990 2934 1200 3020 perlustratis,
1224 2933 1263 2998 ad
1280 2935 1359 2999 Cae·

192 3046 274 3110 saris
292 3044 524 3132 Octavianiqua
551 3068 602 3111 res
624 3054 731 3128 gestas
752 3047 920 3112 transiisse
941 3066 1109 3130 rerumque
1131 3046 1360 3130 expositionem

191 3158 379 3243 perduxisse
402 3179 501 3242 usque
518 3159 556 3222 nd
573 3159 604 3224 S.
621 3157 803 3242 Pompeium
821 3157 991 3223 devictum:
1014 3177 1051 3222 ao
1066 3158 1201 3243 priorem
1219 3157 1358 3241 quidem,

191 3289 273 3352 quae
296 3276 363 3334 erat
384 3269 424 3333 de
448 3269 590 3350 regibus,
619 3276 740 3354 partem
769 3266 874 3333 Ovidii
894 3267 1142 3353 Quintilianique
1161 3269 1271 3334 laudes
1295 3287 1345 3334 me

190 3379 311 3460 ruisse,
345 3380 551 3465 posteriorem
585 3381 691 3445 minus
726 3379 804 3444 bene
838 3387 999 3445 tractatam
1029 3400 1108 3446 esse.
1131 3380 1258 3444 -Sed
1283 3378 1359 3444 haec

192 3492 351 3557 sententia
371 3513 435 3556 non
458 3494 664 3557 oneratione
686 3490 848 3557 refellitur.
893 3490 1032 3557 Primum
1056 3491 1118 3556 iam
1142 3511 1240 3574 snpra
1262 3510 1358 3576 expo·

100 3687 108 3696 ,
193 3604 289 3668 situm
315 3610 373 3681 est,
397 3623 499 3687 neque
523 3602 637 3669 bellum
661 3601 801 3669 Siculum
826 3610 932 3686 aptum
955 3602 1067 3677 inisse,
1092 3621 1153 3685 quo
1177 3602 1278 3666 maius
1303 3599 1359 3664 ali·

193 3715 278 3799 quod
304 3733 383 3799 opus
407 3715 445 3779 ad
471 3735 519 3778 res
545 3713 700 3778 Romanos
729 3721 874 3798 spectans
897 3713 1042 3790 liniatur,
1070 3732 1212 3796 nequae
1235 3711 1360 3788 Quinti·

192 3825 271 3891 liani
295 3825 399 3891 verbis
423 3824 545 3890 desumi
568 3842 674 3909 posse,
697 3825 905 3909 posteriorem
925 3829 1045 3887 tantum
1066 3823 1216 3888 carminis
1239 3803 1361 3906 partem

192 3939 227 4002 in
259 3937 339 4002 bello
359 3935 469 4002 Siculo
496 3935 704 4000 describendo
734 3942 886 4000 versatam
911 3954 991 4000 esse.
1016 3969 1053 3980 -
1078 3933 1202 4000 Deinde
1223 3951 1287 3997 non
1311 3933 1361 3997 iu·

192 4047 386 4130 tellegimus,
423 4067 480 4112 cur
502 4045 634 4111 Ovidius
669 4053 800 4128 utroque
830 4045 900 4110 loco
924 4051 1045 4129 purtem
1067 4050 1187 4110 tanturn
1210 4043 1360 4109 carminis
1428 4033 1433 4038 ’

192 4159 432 4240 significaverit,
456 4163 550 4242 atque
565 4177 605 4221 ne
622 4176 690 4221 eam
705 4157 844 4239 quidem,
869 4176 949 4240 quae
970 4156 1002 4220 in
1017 4155 1220 4241 imperatoris
1234 4154 1367 4235 laudem,

194 4270 369 4355 composita
395 4268 622 4356 principalem,
645 4273 680 4331 ut
702 4265 845 4331 Haubius
868 4285 993 4350 quoque
1016 4267 1060 4351 (p.
1080 4267 1132 4347 11)
1155 4264 1248 4347 vidit,
1277 4264 1362 4329 haud
