3184 5008
738 381 945 445 .-38...

407 568 487 648 Ergo
511 572 578 632 erat
599 569 631 631 in
655 568 730 632 fatis
753 567 918 648 Scythiam
942 586 1067 648 quoque
1090 569 1191 631 visere
1214 569 1343 648 nostris,

459 655 608 760 Quaeque
631 679 789 760 Lycaonio
810 682 895 742 terra
917 680 977 742 sub
1001 697 1060 741 axe
1083 678 1183 742 iacet?

257 795 332 856 sunt
354 789 449 854 verba
473 791 551 870 eius,
576 790 629 872 qui
653 791 793 873 iniquam
818 789 954 872 aliquam
978 790 1134 854 fortunam
1153 789 1245 852 modo
1264 797 1423 874 expertus,

193 883 196 894 ¹
256 901 309 964 vix
331 899 470 964 animum
495 899 643 966 inducere
667 906 781 985 potest,
807 919 840 966 se
863 919 897 964 re
921 900 1048 964 veroin
1072 904 1194 966 tantam
1212 900 1423 966 calamitatem

255 1011 418 1076 incidisse.
478 1011 528 1076 Ad
562 1010 644 1076 idem
679 1018 803 1096 tempus
838 1017 969 1096 spectat,
1009 1011 1091 1094 qnod
1123 1010 1265 1076 versibus
1291 1012 1330 1076 15
1354 1031 1423 1095 sqq.

257 1123 430 1208 opponitur
463 1142 499 1188 ea
533 1123 628 1186 animi
658 1123 813 1203 condicio,
850 1142 911 1206 qua
934 1127 1028 1206 polita
1050 1123 1081 1186 in
1106 1124 1176 1210 ipsa
1199 1123 1250 1185 via
1271 1143 1347 1187 usus
1372 1123 1423 1203 sit,

257 1235 297 1314 ei,
333 1249 428 1318 quam
462 1232 548 1297 exilii
581 1233 648 1297 loco
677 1239 844 1318 conspecto
869 1233 1001 1317 adeptus
1025 1237 1083 1300 est.
1129 1232 1273 1316 Denique
1297 1234 1426 1298 morbus

259 1345 328 1427 ille,
354 1365 415 1429 quo
440 1365 473 1410 se
495 1344 638 1409 laborare
662 1351 768 1408 narrat
790 1345 821 1408 in
844 1345 984 1409 carmine
1009 1345 1113 1416 tertio,
1150 1344 1223 1408 inde
1258 1353 1343 1408 ortus
1367 1350 1426 1424 est,

259 1457 342 1542 quod
365 1461 458 1541 poeta
481 1455 577 1519 durae
600 1455 722 1536 regioni
744 1455 883 1520 nendum
908 1456 1100 1520 assuefactus
1126 1465 1174 1520 est
1196 1457 1248 1536 (cf.
1262 1475 1290 1522 v.
1304 1457 1324 1519 3
1340 1459 1424 1538 sqq.)

259 1567 349 1646 Quod
376 1571 480 1632 autem
507 1566 648 1630 versibus
670 1565 709 1630 57
732 1587 793 1650 sq:
934 1544 936 1554 ’
1119 1572 1121 1583 “

411 1679 502 1754 Quod
523 1681 624 1758 potes
649 1682 786 1741 extenua
808 1680 882 1742 torti
905 1679 990 1742 mala
1014 1679 1106 1741 eorde
1127 1681 1265 1758 terendo,

461 1789 513 1852 Ad
536 1807 617 1870 quae
637 1790 701 1852 iam
724 1791 847 1869 pridem
870 1808 932 1852 non
955 1791 1034 1852 rude
1057 1794 1167 1869 pectus
1190 1791 1298 1852 habes,

260 1902 365 1965 uxoris
401 1901 606 1964 constantiam
643 1900 869 1964 consuetudine
903 1899 1055 1963 malorum
1084 1907 1327 1964 commemorata
1350 1917 1426 1963 eon-

260 2012 373 2093 firmat,
399 2030 434 2074 ee
459 2031 520 2074 non
545 2010 679 2075 eflicitur
700 2010 824 2092 longius
841 2017 964 2094 tempus
982 2009 1071 2074 exilii
1089 2010 1150 2073 iam
1168 2016 1327 2095 peractum
1346 2030 1428 2091 esse,

258 2143 329 2188 cum
353 2122 406 2186 illa
429 2123 490 2186 iam
516 2129 586 2185 ante
611 2121 727 2186 Tomos
751 2142 769 2186 a
792 2123 859 2185 viro
883 2123 968 2186 visos
992 2123 1068 2186 satis
1093 2141 1250 2206 superque
1267 2121 1429 2185 doloribus

264 2234 432 2299 exercitata
454 2254 524 2298 esse
548 2232 696 2317 potuerit.

242 2384 247 2396 ·
344 2345 548 2427 Insequentes
587 2341 749 2427 epistolae,
784 2349 819 2406 ut
859 2363 922 2406 non
956 2343 1098 2425 dubium,
1135 2344 1210 2427 quin
1250 2348 1429 2427 temporum

260 2457 369 2521 ordine
394 2477 427 2520 se
451 2454 618 2539 excipiant,
656 2455 701 2518 ita
722 2459 899 2538 temporum
928 2454 1056 2519 indiciis
1085 2463 1199 2519 carent.
1244 2453 1321 2518 Nam
1347 2452 1430 2537 quod

259 2566 452 2632 Brandesius
503 2568 547 2650 (p.
582 2566 657 2647 350)
698 2565 840 2630 versibus
879 2568 908 2646 8,
948 2567 988 2630 29
1027 2585 1072 2648 sq.
1109 2566 1220 2629 hiemis
1259 2565 1429 2630 adventum

261 2678 432 2759 significari
470 2677 641 2757 contendit,
682 2676 763 2740 haud
799 2677 903 2740 minus
938 2677 1050 2740 mirum
1090 2697 1171 2756 esse,
1216 2695 1307 2758 quam
1347 2675 1431 2758 quod

261 2810 357 2876 supra
390 2809 427 2854 ex
460 2787 611 2874 epistolae
645 2787 801 2852 secundae
835 2807 927 2852 versu
961 2789 1002 2851 20
1035 2788 1175 2852 eiusdem
1210 2789 1305 2850 herae
1337 2786 1430 2852 tinem

261 2901 374 2966 adesse
398 2899 562 2965 conclusit.
587 2898 731 2983 llleyerus
756 2905 801 2984 (p.
824 2899 902 2982 454)
926 2900 987 2962 iam
1019 2899 1106 2966 vidit.
1153 2897 1230 2976 Quis
1255 2899 1336 2962 enim
1362 2899 1430 2962 ani-

263 3033 348 3076 mum
381 3011 519 3090 inducat,
553 3017 677 3095 poetam
713 3010 751 3073 ad
786 3016 848 3073 tam
879 3011 996 3074 usitata
1023 3010 1291 3094 comparationum
1316 3028 1433 3090 genera

262 3121 443 3187 adhibenda
469 3141 531 3185 non
561 3122 702 3205 potuisse
736 3121 848 3184 deduci
882 3121 944 3185 nisi
969 3121 1181 3207 praesentium
1206 3125 1430 3204 tempestatum

261 3233 392 3298 natura?

348 3344 449 3408 Cardo
474 3349 578 3406 autem
603 3343 795 3425 quaestionis
831 3350 972 3408 versatur
994 3343 1025 3406 in
1050 3341 1184 3426 epistola
1209 3343 1340 3422 decima,
1366 3360 1430 3424 qua
1465 3330 1471 3343 ¹

266 3454 398 3519 Ovidius
422 3454 534 3519 hiemis
559 3453 717 3518 molestias
741 3474 759 3518 a
783 3474 816 3518 se
839 3455 909 3539 ipso
927 3453 1034 3518 Tomis
1052 3454 1192 3533 cognitas
1210 3453 1432 3537 copiosissime

263 3566 416 3652 depingit.
462 3563 549 3642 Quae
580 3566 691 3647 hiems,
727 3567 777 3629 cui
813 3585 893 3629 anno
929 3564 1129 3628 attribuenda
1161 3565 1212 3644 sit,
1249 3583 1361 3644 magna
1384 3569 1433 3628 est

262 3676 430 3742 dissensio
476 3675 643 3740 Massonus
667 3677 749 3740 enim
775 3675 828 3755 (ad
858 3696 929 3738 ann.
952 3675 993 3754 X,
1017 3676 1049 3758 ὦ)
1075 3681 1106 3741 et
1131 3674 1274 3758 Meyerus
1298 3677 1344 3758 (p.
1367 3674 1433 3737 454

263 3790 326 3872 sq.)
363 3789 420 3852 hoc
458 3808 583 3872 quoque
621 3806 746 3852 carmen
781 3787 820 3850 ad
855 3779 984 3852 eandem
1020 3787 1154 3852 hiemem
1183 3785 1332 3870 referunt,
1368 3805 1431 3870 qno

263 3897 395 3963 Ovidius
434 3919 470 3962 ex
504 3897 594 3963 ltalia
627 3898 785 3983 proiectus
816 3905 846 3961 et
870 3896 984 3962 Tomos
1008 3898 1170 3980 ingressus
1194 3899 1245 3979 sit,
1271 3896 1320 3960 cni
1345 3895 1430 3980 quod

262 4010 438 4074 insecutum
474 4016 521 4073 est
552 4029 618 4091 ver,
655 4009 689 4072 in
725 4009 862 4074 carmine
896 4009 1021 4074 demum
1052 4007 1238 4073 duodecimo
1263 4007 1432 4072 Massones

263 4121 502 4185 commemorari
532 4119 698 4186 existimat.
744 4118 807 4183 Sed
841 4121 918 4183 haec
947 4121 1102 4185 sententia
1128 4139 1192 4183 non
1219 4141 1283 4184 una
1311 4119 1433 4183 ratione

264 4231 426 4296 refellitur.
471 4229 611 4294 Primum
635 4237 718 4295 recte
741 4229 918 4296 Graeberus
942 4233 986 4315 (p.
1012 4229 1078 4312 Vll)
1104 4233 1236 4310 monuit,
1274 4249 1336 4294 non
1362 4249 1433 4295 esse

267 4341 450 4422 verisimile,
485 4341 638 4428 temporis
673 4342 775 4427 spatio
809 4349 871 4406 tam
907 4343 1019 4424 exiguo
1054 4349 1099 4408 tet
1121 4362 1229 4408 versus
1254 4342 1292 4406 ab
1316 4339 1430 4405 Ouidio
