3184 5008
703 385 889 446 ..g-

213 570 269 647 vit,
296 621 302 634 .
329 623 335 636 .
361 572 388 636 .”
434 574 480 634 Ao
513 571 551 634 de
584 569 645 634 tide
681 569 806 653 quidem
841 575 873 633 et
904 569 1069 650 diligentia
1097 569 1196 634 Taciti
1221 570 1377 649 dubitare,

214 682 302 746 netas
327 687 386 763 est,
410 682 606 766 praesertim,
642 701 783 760 cumea,
820 701 899 763 quae
932 680 970 745 de
993 679 1143 746 Pollionis
1178 677 1265 744 obitu
1290 680 1377 758 dicit,

215 799 276 856 tam
302 792 426 872 egregie
449 792 487 856 ab
511 791 702 877 Hieronymo
726 791 859 876 aliisque
889 791 1069 857 auctoribus
1091 791 1154 857 tide
1179 791 1376 873 dignioribus

215 904 449 984 conlirmentur,
483 909 520 968 ut
553 903 591 968 de
625 902 752 968 Corvini
781 902 996 985 Pollionisque
1030 902 1184 968 aetatibus
1221 911 1274 966 aut
1307 922 1375 966 cum

215 1014 418 1097 Borghesio¹)
435 1017 477 1098 (p.
493 1015 569 1096 nlo)
586 1013 669 1098 apud
687 1013 830 1079 Tacitum
848 1035 866 1077 a
885 1012 1024 1093 librario,
1049 1020 1103 1078 aut
1124 1034 1194 1078 cum
1219 1013 1378 1093 Scaligero

216 1125 254 1189 ab
278 1125 469 1208 Hieronymo
503 1125 714 1205 commutatis,
743 1126 873 1205 cogitari
896 1145 958 1190 non
982 1125 1084 1210 possit
1105 1126 1175 1208 (eir.
1198 1124 1378 1208 Nipperdey

213 1257 243 1320 p.
268 1235 355 1318 281).
389 1273 430 1284 —
464 1236 528 1300 Sed
550 1235 762 1321 Nipperdeins
789 1235 890 1299 locum
922 1235 1020 1300 Taciti
1046 1236 1136 1300 etiam
1162 1235 1250 1320 peius
1285 1255 1376 1317 quam

213 1345 408 1428 Borghesius
431 1353 611 1431 corruptum
637 1367 705 1411 esse
728 1354 824 1426 ratus,
850 1348 895 1411 sic
919 1347 1064 1411 emendat
1086 1352 1130 1432 (p.
1156 1349 1240 1427 292).
1276 1347 1377 1427 „Nam

217 1458 372 1522 Corvinus
409 1458 440 1521 in
476 1463 645 1523 extremum
681 1477 781 1541 usque
815 1459 948 1540 Augusti
985 1459 1208 1542 principatum,
1247 1456 1377 1521 Asinius

215 1589 315 1653 paene
340 1568 378 1632 ad
402 1571 572 1633 extremum
598 1568 719 1632 daravit
735 1571 805 1635 ...”
849 1567 936 1645 Quae
959 1569 985 1632 si
1009 1568 1153 1650 legimus,
1178 1588 1239 1632 non
1264 1587 1377 1651 possu-

218 1699 288 1744 mus
311 1699 373 1743 non
396 1680 516 1760 mirari,
541 1680 622 1763 quod
648 1681 695 1743 vir
717 1685 880 1764 tantopere
904 1680 935 1743 in
961 1679 1060 1744 Taciti
1085 1680 1213 1764 scriptis
1235 1685 1377 1743 versatus

219 1808 255 1854 eo
280 1811 313 1854 se
337 1771 448 1854 deduci
473 1811 587 1876 passus
611 1792 652 1854 sit
674 1791 849 1855 rationibus
874 1811 892 1854 a
914 1791 1023 1854 critica
1045 1797 1110 1855 arte
1134 1789 1255 1855 alienis.
1300 1789 1377 1853 Eius

217 1903 299 1964 enim
324 1901 442 1965 iudicio
465 1901 589 1965 videtur
613 1901 742 1967 Tacitus
758 1901 817 1965 hoo
837 1900 905 1965 loco
928 1901 1155 1986 chronographi
1181 1901 1376 1981 diligentiam

197 2012 371 2092 affectare,
395 2013 439 2076 ita
462 2020 497 2077 ut
517 2012 611 2098 plane
633 2033 695 2077 non
729 2012 960 2095 intellegamus,
996 2031 1051 2076 cnr
1073 2033 1134 2076 non
1159 2013 1265 2096 potius
1289 2013 1376 2097 ipsos

216 2141 366 2186 annorum
401 2143 549 2188 numeros
584 2123 757 2204 adscibere,
791 2145 883 2207 quam
917 2131 1034 2187 tantam
1068 2123 1232 2187 verborum
1263 2123 1376 2186 molem

219 2240 360 2299 extruere
384 2233 529 2298 maluerit
548 2234 586 2298 ad
611 2235 797 2298 sententiam
832 2239 896 2299 tam
932 2234 1105 2319 simplicem
1131 2234 1375 2318 exprimendam.

219 2329 295 2421 Quis
320 2347 352 2408 in
375 2345 433 2409 hac
457 2347 611 2410 enuntiati
633 2347 734 2410 torma
766 2345 1055 2429 eloquentissimum
1080 2344 1195 2425 dialogi
1218 2352 1375 2408 auctorem

217 2457 384 2536 agnoscat?
428 2455 627 2521 Probandum
652 2455 714 2522 sibi
736 2457 912 2541 proposuit,
936 2457 1052 2520 iniuria
1075 2455 1243 2522 Corvinum
1267 2456 1376 2519 Asini-

217 2587 331 2650 umquc
356 2574 493 2631 veterum
532 2573 690 2631 oratorum
726 2569 853 2632 nomine
882 2568 1038 2648 insigniri.
1083 2567 1117 2630 Si
1141 2567 1237 2648 igitur
1258 2573 1375 2629 mortes

213 2697 319 2742 eorum
354 2685 415 2742 tam
450 2679 560 2762 paneis
595 2679 687 2742 annis
715 2677 797 2743 inter
819 2699 852 2743 se
876 2687 906 2743 et
929 2680 967 2743 ab
991 2678 1125 2758 Augusti
1148 2677 1281 2742 decessu
1306 2676 1371 2740 dis·

215 2788 341 2852 iunctae
365 2789 508 2868 tuissent,
532 2795 566 2852 ut
587 2789 797 2873 Nipperdeius
831 2797 863 2853 et
885 2789 942 2852 hae
964 2789 1022 2853 loci
1048 2789 1203 2871 scriptura
1224 2788 1375 2871 permitti.

214 2903 247 2966 et
270 2899 341 2962 aliis
364 2899 540 2963 rationibus
563 2899 690 2984 probari
715 2905 831 2978 censet,
866 2919 971 2963 nonae
1007 2898 1134 2962 Tacitus
1164 2905 1194 2961 et
1215 2899 1319 2964 verius
1343 2903 1378 2962 ct

213 3011 250 3074 ad
274 3011 470 3095 propositum
494 3012 599 3095 aptius
633 3011 776 3091 dixisset,
798 3017 966 3094 utrumque
990 3030 1113 3093 „paene
1137 3009 1176 3073 ad
1199 3017 1373 3073 extremum

215 3123 349 3202 Augusti
373 3123 607 3207 principatum''
630 3122 813 3186 duravisse?
858 3120 1023 3186 Praeterea
1045 3121 1229 3185 coniectura
1248 3119 1302 3183 illa
1325 3141 1375 3184 ars

216 3253 339 3316 quoque
364 3240 394 3297 et
415 3253 530 3297 nervus
549 3233 723 3298 sententiae
735 3233 954 3316 corrumpitur.
988 3233 1064 3296 Nam
1082 3232 1195 3295 rationi
1211 3231 1374 3295 infirmiori

213 3342 381 3407 firmiorem
407 3345 541 3428 scriptor
564 3343 709 3422 adnectit,
744 3350 779 3406 ut
804 3363 839 3406 eo
863 3343 974 3407 fortius
999 3343 1103 3407 eludat
1129 3351 1267 3407 veterum
1290 3342 1374 3406 illam

217 3462 373 3518 oratorum
409 3453 663 3538 appellationem,
699 3473 789 3536 qaae,
825 3473 915 3536 quam
944 3474 1024 3518 vana
1052 3455 1102 3526 sit,
1127 3453 1290 3517 Messallae
1314 3456 1374 3517 iam

216 3564 370 3648 exemplo,
390 3567 445 3629 sed
464 3565 560 3629 multo
580 3566 670 3628 etiam
692 3565 793 3644 magis
810 3563 960 3628 Pollionis
973 3564 1096 3628 ostendi
1110 3564 1208 3628 docet.
1231 3564 1375 3647 Denique

215 3696 277 3740 non
312 3677 443 3756 contigit
475 3675 668 3760 Nipperdeio
704 3675 980 3760 satisexplieare,
1010 3675 1131 3757 quade
1155 3675 1375 3739 causaillatus

214 3797 308 3864 esset,
334 3788 455 3852 medius
479 3787 530 3851 ille
553 3788 762 3871 principatus
788 3789 840 3870 qui
863 3806 946 3850 nunc
968 3785 1091 3866 legitur.

298 3899 414 3962 Audito
444 3899 540 3978 igitur
562 3898 662 3962 Taciti
690 3897 886 3975 testimonio,
917 3897 1007 3980 quale
1031 3897 1069 3960 ab
1092 3898 1162 3981 ipso
1187 3898 1254 3960 sine
1278 3896 1373 3960 dnbio

216 4009 312 4073 latum
331 4016 388 4090 est,
413 4011 583 4093 quaeritur,
608 4010 804 4092 (pretatione
821 4029 856 4072 eo
878 4016 1010 4073 utamur.
1048 4008 1117 4072 dam
1142 4017 1243 4072 autem
1268 4028 1376 4072 rursus

213 4169 399 4176 ——.-..-

283 4258 304 4323 ¹)
323 4259 486 4326 Borghesius
506 4257 594 4310 verbis
616 4258 657 4317 „in
685 4257 802 4309 medium
821 4273 905 4326 usque
925 4257 1038 4322 Augusti
1058 4256 1256 4324 principatnm''
1276 4273 1375 4309 annum

215 4354 305 4418 utero
322 4369 348 4420 p.
368 4352 429 4406 Chr.
448 4354 562 4405 indicari
581 4369 660 4421 posse
678 4368 772 4419 parum
791 4335 967 4419 probabiliter
985 4352 1082 4419 posuit.
