3178 5018
773 349 979 412 ..qq-

295 531 691 618 quemquumque),
718 553 780 602 non
808 537 932 619 opertet
955 533 994 599 ad
1022 535 1124 600 ‘virum
1150 539 1251 606 notato
1278 534 1308 602 si
1330 553 1446 622 parom,

295 642 460 718 nobilitato.
485 642 583 740 multo
611 643 823 730 superiorem,
856 644 955 729 qualis
984 642 1100 714 Fabius
1125 645 1195 714 tuit.
1240 648 1286 712 Ae
1314 665 1348 710 re
1381 664 1452 710 reru

297 753 448 836 (bridius,
476 773 545 822 snm
575 753 652 822 dioit
680 754 719 820 de
742 775 779 820 en
799 755 950 838 amiciris,
973 775 1035 840 quo
1055 775 1126 824 eum
1149 754 1246 824 Fabio
1269 755 1451 824 sentunotus

299 873 385 947 erut,
412 863 518 934 verbis
544 865 638 951 plone
659 866 823 938 contrariis
856 866 953 934 utitur
985 867 1047 948 eis,
1076 886 1156 951 quus
1179 866 1230 938 hio
1251 865 1451 934 inueniuntur

261 964 263 978 '
295 976 407 1050 utrem.
428 973 463 1043 P.
486 975 566 1057 qn,
589 978 663 1044 131:

448 1087 584 1168 llis-ego
607 1107 688 1167 sum,
712 1089 768 1169 qut
788 1092 821 1152 te
841 1090 927 1156 oolui
1012 1137 1019 1152 .
1045 1137 1084 1152 ..
1204 1133 1207 1138 -

382 1195 443 1266 Pro
456 1197 606 1268 librorum
619 1205 721 1265 autem
739 1199 1025 1280 remordatione,
1050 1219 1129 1282 quoe
1141 1197 1452 1283 haospistolnoonti·

301 1313 404 1390 netur,
427 1309 458 1374 in
476 1307 626 1377 omnibus·
636 1306 789 1393 epistolis,
813 1327 890 1394 quos
906 1309 945 1378 nd
960 1308 1091 1376 Fabium
1108 1309 1222 1376 missus
1238 1328 1308 1374 esse
1323 1313 1451 1389 constat,

295 1439 407 1506 preess
438 1425 606 1490 ooourrunt
627 1419 867 1504 umidissimum,
894 1419 1008 1504 quibus
1030 1424 1129 1504 postu
1147 1419 1239 1486 umioi
1262 1419 1398 1484 studium
1422 1418 1454 1484 iu

296 1530 505 1606 restitutionis
535 1549 610 1595 snas
633 1549 758 1619 oausam
781 1531 922 1599 conferre
944 1530 1064 1596 nititur.
1109 1528 1317 1607 Quamobrem
1340 1529 1455 1599 iubos

294 1641 433 1716 mrmine
461 1659 562 1725 neque
590 1640 629 1706 de
652 1639 765 1723 Fabio,
793 1659 895 1725 neque
925 1640 1051 1709 omniuo
1078 1640 1117 1706 de
1139 1641 1206 1706 viro
1229 1639 1333 1725 ulique
1355 1639 1453 1706 nobili

299 1751 369 1823 loeo
384 1760 457 1822 noto
481 1756 513 1818 et
535 1736 720 1819 auctoritate
741 1747 868 1835 publiea
888 1751 1006 1832 insigni
1028 1751 1160 1832 eogitari
1176 1755 1291 1836 potest.
1303 1749 1454 1814 -Paulo

295 1861 387 1948 plum
415 1861 455 1929 ud
479 1861 588 1928 Cottae
613 1861 781 1944 imaginem
810 1861 843 1928 in
871 1860 1014 1947 epistolis
1036 1860 1178 1930 Ponticis
1207 1861 1283 1928 sutis
1310 1866 1455 1926 uoouruto

296 1973 486 2058 descriptam
518 1972 663 2040 videntur
688 1992 789 2057 ¹posse
804 1972 977 2058 npplionri.
1031 1971 1190 2058 Imprimis
1218 1991 1256 2041 ea
1282 1971 1455 2051 sententie,

294 2103 376 2168 ques
398 2103 547 2168 expressa
569 2090 616 2148 est
638 2103 686 2148 vv.
709 2084 796 2166 3sq:

446 2194 577 2275 Ecquid,
599 2199 636 2258 ut
657 2195 848 2262 ineolumem
871 2197 1029 2274 quondum
1052 2196 1211 2260 celebrare
1231 2196 1366 2273 solebas,

497 2305 589 2370 Nune
612 2324 746 2386 quoque,
768 2325 808 2369 ne
829 2307 937 2369 videar
958 2311 1045 2370 totus
1069 2309 1189 2386 obesse,
1212 2303 1322 2370 eoves?

294 2414 387 2502 plane
413 2415 533 2495 eadem,
557 2415 613 2481 sed
634 2415 735 2480 fusius
758 2418 912 2500 exposita,
935 2417 1067 2482 reourrit
1089 2416 1122 2483 iu
1145 2416 1278 2501 epistola
1300 2435 1337 2482 ex
1351 2414 1386 2479 P.
1403 2413 1456 2495 lll,

291 2527 315 2591 '5
331 2525 441 2591 Cottae
463 2525 591 2590 nomine
613 2526 766 2610 inscripta
787 2545 836 2592 vv.
853 2526 893 2590 37
910 2547 977 2611 sqq.
1015 2526 1078 2590 Sed
1102 2527 1129 2591 si
1151 2525 1284 2607 legimus
1307 2530 1458 2610 quattuor

295 2635 373 2712 illm.
388 2631 549 2720 epistoles,
573 2656 664 2720 quoe,
687 2637 762 2720 quin
785 2636 824 2702 ud
848 2637 929 2702 bime
952 2637 1085 2704 amicum
1110 2638 1300 2722 pertineant,
1323 2636 1455 2702 dubium

296 2766 359 2812 non
387 2752 449 2826 est,
479 2745 535 2830 (ll,
562 2745 671 2828 3,,ΙΙ,
700 2747 736 2829 8,
759 2747 811 2827 ΙΙΙ,
836 2751 867 2828 2,
890 2746 941 2829 ΙΙΙ,
964 2749 1010 2831 5,)
1034 2747 1169 2814 oolorem
1192 2746 1457 2832 deprehendimus

295 2855 388 2943 plone
416 2857 573 2924 diversum
602 2857 640 2922 ub
664 2877 716 2937 eo,
746 2879 807 2941 quo
830 2877 955 2924 carmen
978 2858 1070 2924 Trist
1093 2858 1148 2940 ΙΙΙ,
1175 2859 1214 2922 14
1235 2863 1374 2923 notatum
1398 2863 1457 2926 est.

298 2967 378 3040 Nam
402 2973 533 3054 exceptu
554 2964 687 3053 epistola
709 2989 746 3032 ex
768 2967 801 3034 P.
824 2967 866 3052 ΙΙ,
896 2970 932 3049 8,
955 2971 1044 3050 euius
1068 2976 1283 3050 argumentum
1308 2987 1325 3032 e
1348 2970 1456 3048 siugu-

295 3077 361 3150 lari‘
384 3079 489 3162 ulique
515 3079 700 3147 condicione
727 3086 834 3146 natum
864 3088 926 3161 est,
955 3101 1079 3164 semper
1107 3086 1201 3165 poeta
1228 3079 1381 3165 plurimus
1410 3083 1458 3144 est

297 3189 334 3258 in
347 3171 472 3276 generis
489 3188 664 3271 nobilitate,
687 3191 786 3275 patris
802 3211 876 3272 erge
891 3212 925 3256 se
947 3191 1096 3270 amicitie,
1119 3190 1296 3270 insignibus
1320 3189 1457 3272 denique

297 3299 401 3384 ipsius
438 3298 547 3370 Cottae
584 3319 658 3382 erga
700 3321 733 3371 se
769 3302 888 3367 meritis
924 3300 1136 3384 celebrandis3
1177 3321 1301 3386 semper
1337 3299 1457 3366 amicus

296 3411 443 3491 amioum,
466 3430 530 3481 non
554 3417 646 3496 polite
667 3411 743 3476 artis
765 3410 913 3478 cultorem
938 3411 1114 3495 alloquitur.
1152 3411 1243 3490 Quod
1266 3431 1335 3476 nou
1352 3411 1457 3476 minus

296 3519 380 3588 velet
395 3521 434 3586 de
457 3541 495 3586 eu
510 3520 659 3588 Tristium
682 3523 825 3609 epistola,
850 3542 928 3606 quue
952 3523 1028 3602 satis
1050 3521 1255 3608 probabiliter
1277 3523 1318 3588 ed
1333 3523 1457 3587 Cottam

297 3631 431 3696 retertur
458 3631 530 3716 (IV,
558 3633 633 3718 5)¹).
680 3633 741 3700 Ilio
767 3652 891 3718 quoque
919 3633 995 3698 satis
1022 3640 1130 3719 aperte
1156 3633 1365 3715 signifieatur,
1393 3651 1457 3716 quo

300 3748 445 3826 ternpore
467 3762 590 3828 quoque
613 3745 707 3812 modo
729 3745 847 3812 amicus
871 3743 909 3812 de
931 3750 1026 3829 potito
1046 3745 1176 3814 meritus
1199 3745 1254 3827 sit,
1283 3746 1324 3828 (v.
1347 3745 1458 3826 3--8)‚

296 3851 348 3921 bio
363 3873 488 3938 quoque
510 3854 629 3922 familie
651 3857 718 3920 eius
740 3860 1010 3922 commemoratur.
1049 3853 1136 3932 Quae
1158 3856 1186 3920 si
1208 3855 1457 3936 consideramus,

295 3963 431 4031 alienum
461 3964 500 4030 ab
528 3965 588 4032 hoo
615 3984 728 4047 genere
756 3964 959 4050 epistolarum
989 3966 1141 4032 Tristium
1171 3985 1297 4034 carmen
1325 3965 1381 4047 ΙΙΙ,
1418 3967 1461 4030 14

298 4094 368 4140 esse
391 4080 581 4158 statuemus,
606 4095 804 4161 quamquam,
828 4097 907 4161 quae
930 4083 978 4144 est
1000 4077 1194 4162 quaestionis
1217 4083 1337 4161 nutura,
1362 4096 1460 4143 sensu

297 4186 410 4268 magis,
435 4205 528 4269 quern
551 4186 671 4282 ratione
693 4186 845 4256 duoirnur.

367 4339 391 4408 ¹)
408 4339 442 4396 of.
460 4340 576 4395 Lorentn
594 4357 619 4410 p.
635 4343 673 4395 ll.
