3184 5008
735 356 941 418 -40-

255 550 314 610 est.
358 543 454 608 Plane
487 543 571 610 enim
609 542 717 608 eodem
754 543 846 608 modo
870 548 962 627 poeta
985 541 1095 608 eodem
1118 541 1213 606 verbo
1236 540 1333 607 utitur
1356 539 1416 606 alio

259 655 338 728 loco,
374 675 436 738 quo
469 654 537 720 sine
570 653 667 718 dubio
703 637 742 719 de
765 654 858 720 rebus
881 653 920 718 ab
944 653 1013 738 ipso
1038 652 1114 717 risis
1138 652 1240 734 agrem
1264 651 1357 716 Trist.
1382 649 1418 730 V,

258 769 308 847 10,
333 767 373 832 27
397 788 450 830 -:
570 772 571 776 ’

406 877 469 942 vix
492 895 551 958 ope
573 877 694 942 castelli
719 878 945 942 defendimur.
971 926 977 940 .
1004 925 1009 940 .

341 986 388 1052 De
413 987 524 1052 hiemis
547 993 649 1052 antem
673 987 765 1052 initio
790 986 851 1052 sibi
867 987 930 1072 ipsi
947 986 1054 1052 Tomis
1071 986 1196 1066 cognito
1212 986 1305 1052 etiam
1321 985 1422 1050 fusius

254 1099 318 1179 agit
341 1097 415 1162 inde
438 1118 456 1162 u
477 1118 570 1163 versu
592 1097 645 1169 ΙΙΙ,
670 1099 721 1172 ΙΟ,
745 1099 801 1162 37:

405 1209 552 1274 Vidimus
575 1211 735 1288 ingentem
759 1211 859 1288 glacie
886 1211 1059 1277 consistere
1082 1210 1219 1274 Pontum

776 1341 803 1386 e.
826 1342 855 1402 q.
880 1341 905 1384 s.

337 1430 416 1494 Nam
453 1430 646 1498 consistendi
680 1430 809 1498 verbum
845 1430 995 1498 sollemne
1028 1437 1140 1516 potitae
1174 1436 1223 1494 est
1244 1429 1282 1495 de
1307 1428 1419 1494 hiemis

258 1541 348 1605 initio
369 1542 511 1606 dicentis.
556 1544 594 1606 cf.
619 1561 665 1606 ex.
685 1540 775 1612 Pont.
799 1541 822 1620 Ι,
847 1545 876 1620 2,
901 1543 940 1606 et
964 1562 1027 1625 sq:

405 1655 553 1734 Quaeque
576 1655 657 1718 aliae
680 1658 799 1733 gentes,
822 1655 878 1718 uhi
900 1655 1015 1734 frigore
1039 1652 1203 1718 constitit
1228 1653 1342 1728 hister,

455 1761 542 1824 llura
564 1765 671 1824 meunt
693 1762 786 1824 celeri
809 1765 898 1840 terga
921 1745 1099 1840 peremnis
1123 1778 1212 1840 eque.

264 1931 266 1936 .
326 1869 482 1953 ‘Denique
511 1889 591 1953 quae
618 1876 725 1936 narrat
747 1892 775 1936 v.
791 1871 843 1952 ΙΙΙ,
870 1872 919 1952 10,
943 1871 1075 1954 49sqq.
1100 1871 1138 1935 de
1161 1870 1301 1955 piscihus
1325 1870 1417 1933 etiam

253 1986 317 2044 tum
342 1981 518 2046 viventibus
544 1980 643 2061 glaeie
665 1981 786 2064 ligatis:

404 2093 557 2157 l'idemus
580 2095 613 2157 in
636 2095 737 2173 glacie
759 2095 862 2174 pisces
886 2096 1012 2158 haerere
1035 2095 1162 2172 ligatos,

455 2200 517 2264 Sed
539 2220 612 2281 pars
635 2221 674 2264 eu
697 2200 763 2264 illis
785 2205 861 2264 tuuc
886 2220 1011 2281 quoquc
1033 2201 1107 2266 riva
1128 2201 1198 2262 luit.
1248 2221 1250 2228 ·

253 2329 316 2374 nen
348 2309 454 2395 potuit
488 2310 606 2376 vidisse
640 2311 702 2374 nisi
735 2311 838 2396 primo
877 2311 990 2378 hiemis
1012 2312 1128 2391 frigore
1150 2317 1281 2394 repente
1304 2315 1420 2374 exorto.

252 2419 439 2486 Rectissime
462 2421 557 2503 igitur
580 2420 619 2485 ad
655 2421 789 2486 hiemem
824 2441 977 2486 annorum
1003 2423 1064 2494 1οΙ
1078 2423 1115 2486 11
1142 2421 1200 2485 hoc
1222 2439 1346 2484 carmen
1370 2439 1420 2491 re·

252 2531 416 2598 ferendum
451 2553 520 2597 esse
543 2531 692 2597 Loersius
726 2531 879 2597 iudicavit
913 2552 1102 2616 quamquam
1132 2532 1211 2596 ratio
1244 2531 1323 2610 eius,
1360 2535 1429 2614 qua'

251 2647 376 2726 poetam
400 2641 503 2706 hieme
526 2643 621 2714 9110
644 2643 772 2708 omnino
790 2643 851 2706 iam
870 2641 977 2707 Tomis
993 2643 1103 2724 tuisse,
1127 2643 1300 2728 praefracte
1315 2649 1419 2722 negat,

253 2751 298 2817 nil
323 2751 473 2837 ponderis
495 2753 598 2820 habet.

339 2863 400 2928 Ver
436 2873 538 2930 autem
578 2865 651 2930 anni
692 2863 826 2938 764!ss
867 2865 899 2928 in
934 2864 1068 2948 epistola
1101 2864 1286 2930 duodecima
1321 2883 1415 2945 agno·

251 2974 368 3040 scimus
394 2997 422 3040 v.
447 2977 478 3041 1:

402 3087 533 3167 Frigora
554 3090 618 3154 iarn
641 3090 770 3170 zephyri
794 3091 943 3154 minuunt
967 3139 1101 3153 .....

717 3200 747 3260 et
770 3217 799 3258 v.
823 3198 861 3260 'll
883 3216 951 3278 sqq.

402 3301 446 3365 ht
468 3303 547 3365 mihi
570 3303 708 3366 sentitur
729 3303 786 3366 niu
808 3321 903 3366 verno
927 3304 993 3366 sole
1017 3303 1131 3380 soluta,

452 3410 600 3489 Quaeque
622 3409 695 3474 lacu
719 3409 797 3473 duro
820 3427 882 3472 non
905 3409 1070 3472 fodiuntur
1092 3427 1207 3488 aquae:

400 3513 465 3578 h'ec
488 3533 573 3578 mare
596 3515 770 3578 concrescit
792 3516 902 3593 glacie,
926 3535 992 3594 nec,
1015 3518 1051 3578 ut
1074 3519 1157 3592 ante,
1180 3534 1236 3596 per
1251 3514 1397 3578 Histrum

451 3621 594 3684 Stridula
616 3619 820 3685 Sauromates
843 3623 988 3702 plaustra
1010 3622 1171 3685 bubulcus
1187 3621 1262 3700 agit.

338 3729 487 3796 Consulto
511 3737 612 3795 autern
638 3731 731 3814 primi
756 3731 882 3795 distichi
908 3731 968 3796 duo
995 3737 1116 3797 tanturn
1141 3731 1242 3816 prima
1263 3729 1359 3794 verba
1381 3730 1414 3794 in

251 3861 342 3906 usum
367 3841 559 3922 vocavimus,
583 3861 654 3907 cum
678 3847 874 3926 pentameter
896 3842 1140 3928 corruptiorem,
1165 3862 1257 3925 quum
1275 3847 1317 3920 ut,
1336 3861 1415 3925 quo-

251 3952 345 4016 modo
380 3960 483 4017 cetera
506 3953 677 4018 hexametri
711 3972 784 4037 pars
809 3972 974 4036 „annoque
1006 3953 1154 4038 peracto''
1177 3951 1416 4036 interpretanda

251 4063 302 4142 sit,
327 4063 403 4128 satis
426 4064 573 4150 pateatll

322 4233 343 4301 ¹)
362 4235 529 4288 Lachmanni
548 4235 704 4287 coniectura
722 4251 738 4286 a
756 4233 890 4304 plerisque
910 4238 1022 4303 acceptu
1040 4238 1094 4286 est:

452 4324 567 4389 Frigora
584 4325 637 4376 iarn
658 4323 780 4393 Zephyri,
800 4325 925 4378 minuunt
942 4339 1065 4394 annoque
1084 4328 1194 4392 peracto

505 4413 619 4467 Turdior
636 4414 751 4482 intepuit
770 4414 829 4466 visa
847 4413 963 4466 Tomitis
982 4412 1075 4468 hiems.
