3184 5008
695 368 884 430 „5-

206 555 304 620 verba
325 575 360 620 re
384 573 459 618 vera
481 554 524 618 ita
548 552 708 637 explicari,
745 559 780 619 ut
806 554 901 620 funus
924 553 1089 621 Messallae
1112 553 1150 619 ab
1175 553 1288 620 Ouidio
1310 577 1375 622 non

207 667 311 730 visum
325 685 395 730 esse
409 664 606 729 concedatur.
629 663 770 729 Primum
791 666 873 730 enim
887 684 949 729 non
964 666 1142 730 necessario
1157 666 1375 748 coniungenda

208 785 282 842 sunt
303 775 398 840 verba
417 777 474 858 „in
494 777 626 840 lunere‘'⁴
640 795 708 838 curn
723 775 816 840 dandi
831 777 968 857 notione,
984 776 1039 841 sed
1061 775 1158 842 solius
1175 776 1374 843 lacrimarum
1389 752 1393 766 ’

208 888 296 952 vocis
320 886 522 952 illustrandae
557 905 652 950 causa
684 891 788 970 potest
821 907 891 952 esse
924 887 1078 951 additum
1099 908 1305 970 „supremum
1342 889 1374 952 in

208 999 319 1063 funere
342 999 496 1078 munus“;
528 1003 592 1062 tum
618 997 735 1078 scripta
761 995 814 1060 illa
837 997 966 1078 „medio
990 998 1132 1063 canenda
1153 999 1245 1064 foro“
1268 1019 1372 1083 neque

208 1130 242 1174 re
267 1129 340 1174 vera
363 1107 406 1173 ibi
430 1107 569 1189 rasitata,
604 1126 706 1190 neque
728 1108 759 1170 in
784 1127 853 1172 eum
881 1129 974 1174 usum
998 1108 1036 1172 ab
1060 1108 1173 1173 Ovidis
1197 1112 1375 1195 compositu

208 1241 277 1284 esse
304 1223 440 1304 oportet,
464 1219 507 1282 ita
530 1225 564 1282 ut
585 1217 662 1282 haec
683 1218 780 1283 totius
812 1220 985 1284 sententiae
1008 1220 1224 1304 interpretatio
1248 1222 1373 1287 evadat:
1401 1250 1405 1274 ι

208 1331 293 1412 „Cui
317 1337 347 1395 et
369 1330 513 1394 lacrimas
530 1329 684 1410 dedimus,
698 1347 778 1412 quae
794 1329 877 1396 velut
895 1351 1008 1396 munus
1023 1331 1178 1416 quoddam
1193 1352 1372 1417 supremum

206 1433 342 1507 mortuis
374 1442 406 1506 in
431 1440 594 1505 funeribus
617 1433 714 1504 tribui
738 1439 849 1521 solent,
880 1448 911 1504 et
932 1461 1057 1506 carmen
1081 1444 1317 1528 composuimus
1340 1446 1372 1508 in

205 1552 395 1618 laudationis
420 1551 561 1616 funebris
584 1551 710 1614 modum
737 1551 930 1616 eonditum.“
981 1551 1082 1629 Quam
1117 1553 1372 1638 explicationem,
1468 1613 1470 1619 .

207 1665 350 1748 quamvis
379 1663 420 1740 sit
448 1662 629 1742 artificiosa,
667 1668 773 1725 tamen
800 1663 962 1746 aspernari
985 1683 1046 1728 nou
1070 1663 1188 1745 liceret,
1213 1666 1277 1730 nisi
1302 1651 1372 1732 aliis

205 1773 382 1840 rationibus
417 1773 625 1838 demonstrari
660 1779 778 1858 posset,
814 1793 846 1837 re
880 1794 955 1839 vera
976 1773 1164 1857 Messallam,
1200 1781 1373 1860 antequum

207 1884 338 1950 Ovidius
364 1884 601 1966 relegareretur,
626 1891 780 1948 mortuum
806 1903 885 1949 esse.

232 2005 236 2012 ¹
295 2021 434 2086 Primum
472 2021 554 2085 enim
591 2041 626 2085 eo
660 2028 811 2105 tempore,
851 2041 918 2088 oum
948 2020 1098 2086 Tristium
1131 2021 1211 2086 liber
1243 2029 1371 2106 quartus

214 2139 465 2216 componeretur,
491 2153 559 2196 eum
583 2133 644 2196 iam
669 2151 731 2195 non
755 2133 836 2196 inter
858 2134 946 2198 vivos
968 2133 1076 2214 fuisse,
1102 2139 1210 2216 quarto
1234 2135 1373 2199 carmine

214 2243 442 2328 comprobatur.
499 2243 599 2324 Quod,
635 2243 776 2326 quamvis
811 2242 980 2308 occultetur
1012 2263 1136 2324 nornen,
1172 2249 1311 2340 spectare
1334 2245 1373 2310 ad

212 2353 343 2419 alterum
370 2355 437 2418 eius
470 2353 617 2435 illiorum,
653 2354 719 2418 sive
747 2353 969 2433 Messallinnm,
1006 2355 1071 2419 sive
1094 2353 1227 2436 Cottam,
1262 2375 1370 2421 omnes

211 2466 417 2532 consentiunt.
455 2465 562 2548 Neque
579 2465 743 2548 quisquam
758 2465 829 2530 huic
842 2466 1015 2530 sententiae
1027 2485 1090 2529 non
1104 2469 1207 2550 potest
1219 2465 1373 2532 accedere
1429 2521 1432 2526 .

211 2577 399 2661 comparatis
423 2576 566 2640 versibus
591 2581 695 2660 lsqq.:

363 2714 388 2778 0
415 2715 478 2798 qui,
502 2714 682 2779 nominibus
707 2733 774 2778 cum
800 2713 843 2778 sis
866 2733 1037 2794 generosus
1067 2732 1206 2796 auorum,

415 2825 594 2909 Exsuperas
617 2844 739 2888 morum
768 2823 930 2888 nobilitate
953 2844 1067 2905 genus:

364 2936 461 3000 Cuius
485 2937 569 3000 inest
592 2936 696 3000 animo
720 2936 814 3021 patrii
838 2936 982 3000 candoris
1006 2937 1121 3016 imago,

413 3046 480 3110 Non
505 3052 610 3111 careat
631 3048 769 3110 numeris
793 3045 910 3110 candor
932 3054 966 3109 ut
988 3046 1048 3110 iste
1072 3047 1153 3110 suis:

366 3158 463 3221 Cuius
487 3160 518 3222 in
542 3157 668 3238 ingenio
693 3164 740 3220 est
761 3157 881 3241 patriae
903 3155 1051 3220 facundia
1073 3155 1208 3238 linguae,

416 3267 484 3344 Quo
507 3269 594 3354 prior
616 3270 648 3331 in
674 3267 761 3331 Latio
785 3287 846 3330 non
870 3269 929 3332 fuit
950 3266 1013 3330 ulla
1035 3268 1116 3330 foro:
1294 3251 1295 3254 ¹

728 3398 752 3444 e.
778 3398 806 3461 q.
829 3400 853 3443 e.

618 3522 648 3580 et
670 3515 812 3580 versibus
836 3516 875 3578 27
899 3534 981 3598 sqq:

364 3628 440 3692 Nam
464 3635 535 3690 tuus
559 3632 607 3691 est
629 3627 740 3711 primis
765 3627 866 3692 cultus
892 3626 967 3690 mihi
991 3645 1116 3709 semper
1138 3624 1176 3688 ab
1200 3624 1291 3718 annis
1314 3661 1356 3672 -

289 3817 294 3825 ‚
417 3738 484 3802 Hoc
507 3743 589 3800 certe
613 3737 675 3801 noli
700 3737 898 3802 dissimulare
923 3775 961 3784 —
986 3743 1085 3820 pater,

363 3849 587 3930 Ingeniumque
599 3853 846 3932 meum—potes
860 3848 918 3911 hoc
932 3845 1319 3932 meminisse-probabat

416 3959 490 4024 Plus
514 3959 621 4038 etiam,
646 3978 738 4042 quam
761 3979 809 4023 me
832 3958 936 4023 iudice
959 3958 1073 4039 diguus
1096 3978 1190 4022 eram.

213 4117 282 4162 cum
307 4098 364 4172 eis,
390 4117 470 4178 quae
495 4093 675 4160 scribuntur
698 4095 737 4158 ad
758 4093 971 4159 Messallinum
996 4115 1033 4158 ex
1054 4093 1089 4159 P.
1113 4093 1147 4175 l.,
1174 4094 1202 4174 l,
1227 4094 1267 4156 27
1292 4112 1353 4176 sq:

363 4207 427 4272 Nec
450 4214 523 4272 tuus
546 4212 595 4271 est
617 4206 735 4286 genitor
756 4225 814 4269 nos
837 4205 995 4270 inficiatus
1020 4205 1148 4286 amicos,

415 4317 562 4382 Hortatur
586 4317 682 4381 studii
705 4336 860 4399 causaque
883 4317 995 4400 faxque
1019 4317 1093 4379 mei:
