3184 5008
243 1725 314 1858 ¹De
338 1773 511 1837 carminum
535 1771 779 1854 Ovidianorum‚
808 1793 887 1858 quae
916 1774 954 1838 ab
978 1773 1085 1840 exsule
1111 1781 1205 1859 poeta
1234 1780 1264 1838 et
1285 1775 1334 1838 in·

170 1891 262 1969 eepta
295 1892 325 1947 et
358 1884 496 1967 perfecta
529 1889 617 1964 sunt,
653 1883 755 1947 denuo
788 1890 862 1967 post
894 1883 1008 1949 multas
1041 1885 1208 1950 multorum
1245 1904 1336 1948 ouras

171 1994 387 2077 quaestionem
411 1993 502 2058 nobis
524 1993 736 2074 institutoris,
765 2013 867 2078 pauca
888 1995 1119 2079 praemittenda
1141 2001 1232 2076 sunt,
1267 1996 1336 2077 qui-

174 2105 231 2168 bus
249 2109 280 2168 et
294 2103 382 2184 fines,
401 2123 479 2186 quos
495 2105 568 2168 huie
584 2105 843 2170 commentationi
859 2106 1101 2186 constituamus,
1126 2106 1335 2187 delineentur‚·

173 2221 204 2278 et
226 2215 276 2278 via
297 2235 332 2278 ao
355 2217 446 2296 retia,
471 2235 563 2298 quam
588 2215 759 2280 adhibituri
784 2217 894 2297 simus,
919 2221 1104 2300 exponatur.

255 2327 368 2406 Agitur
401 2333 505 2390 autem
536 2327 574 2390 de
602 2327 747 2391 omnibus
782 2328 992 2407 carminibus,
1028 2348 1107 2410 quae
1131 2327 1333 2412 epistolarum

171 2437 303 2500 formam
342 2456 416 2520 prae
454 2457 487 2501 se
524 2438 645 2518 ferunt,
684 2458 747 2502 non
785 2437 885 2502 solum
924 2438 961 2502 de
996 2437 1147 2502 Tristium
1185 2441 1334 2522 quinque,

174 2547 452 2635 epistolarumque,
476 2567 555 2630 quae
579 2568 641 2630 „ex
663 2547 782 2612 Ponto'
806 2549 1038 2624 inscribuntur,
1068 2555 1215 2632 quattuor
1236 2549 1335 2630 libris,

173 2659 228 2723 sed
253 2661 346 2723 etiam
371 2660 409 2723 de
431 2659 532 2739 Ibide,
557 2660 640 2742 quod
663 2665 776 2743 poema
798 2660 837 2723 ab
861 2660 920 2724 hoe
935 2679 1049 2740 genere
1069 2681 1213 2726 versuum
1234 2662 1334 2741 magis

172 2789 302 2834 numero
326 2775 358 2834 et
381 2769 544 2850 diligentia
566 2770 770 2853 doctrinaque
792 2772 947 2854 impensa,
972 2789 1065 2853 quam
1086 2779 1212 2835 externa
1233 2771 1333 2835 forma

173 2879 286 2946 differt.
310 2880 428 2946 Contra
451 2901 506 2944 sex
525 2878 688 2944 Fastorum
712 2879 831 2961 libross
845 2901 923 2963 quos
946 2882 1008 2945 iam
1033 2888 1104 2946 ante
1128 2883 1260 2966 patriam
1284 2903 1333 2946 re·

164 2991 274 3054 iiotam
304 2998 434 3072 apoeta
456 2991 668 3076 pompositas,
703 2996 815 3075 postea
841 2991 988 3055 secundis
1017 2992 1100 3056 euris
1129 2999 1333 3076 pertractatos

173 3121 242 3164 esse
265 3103 429 3184 constatl)
454 3103 643 3168 omittemus,
1138 3180 1140 3182 ¹

256 3213 301 3276 Ao
324 3214 466 3296 quaestio
491 3214 617 3296 quidem
645 3213 694 3276 his
721 3212 835 3278 finibus
865 3213 1118 3297 oiroumseripta‚
1149 3233 1186 3278 ea
1208 3199 1270 3297 est,
1299 3222 1334 3280 ut

170 3343 391 3406 nonnusquam
426 3326 583 3389 artissime
618 3323 782 3388 cohaereat
814 3342 885 3386 oum
919 3321 1015 3387 altera
1037 3325 1170 3408 quadam
1205 3332 1236 3388 et
1268 3345 1333 3389 am·

175 3434 318 3518 piissima
341 3442 371 3498 et
392 3434 587 3514 difficillima,
613 3454 692 3518 quae
715 3438 764 3497 est
781 3434 819 3497 de
843 3433 948 3498 Ovidii
972 3436 1092 3508 amieis.
1131 3434 1235 3518 Itaque
1259 3437 1332 3500 inde

172 3553 202 3610 et
225 3566 280 3628 ea,
314 3546 428 3630 quibus
456 3565 562 3610 carere
588 3566 649 3610 non
673 3545 865 3628 poterimus,
900 3545 1173 3630 suppeditabimus
1202 3546 1332 3627 singulis

172 3656 262 3737 loeis,
286 3663 316 3720 et
339 3656 529 3735 ouvebimus‚
554 3677 592 3720 ne
617 3656 808 3720 diversarum
832 3675 936 3720 rerum
961 3657 1056 3720 nimis
1079 3657 1212 3732 euriosi,
1240 3657 1332 3734 finem

171 3767 293 3831 itineris
327 3769 517 3831 omittamus,
562 3765 757 3850 Quamquam
787 3766 983 3850 exspatiandi
1019 3768 1169 3849 quaedam
1205 3766 1332 3831 libertas

170 3878 262 3942 nobis
287 3879 486 3942 coneedendo
509 3879 576 3941 erit.

257 3988 297 4054 Ut
319 3996 433 4066 autem,
459 4009 551 4072 quum
570 3990 706 4052 maxime
722 3989 788 4052 fieri
813 3989 938 4072 poterit,
963 3989 1166 4068 corrigamus,
1192 4008 1270 4070 quae
1293 3987 1332 4052 ab

170 4102 227 4180 eis,
253 4101 305 4184 qui
329 4101 430 4164 adhue
454 4100 584 4164 eandem
616 4101 774 4163 materiem
804 4098 995 4163 tractandam
1032 4100 1092 4163 sibi
1120 4109 1332 4183 sumpserunt,

239 4323 260 4388 ί)
281 4323 335 4378 cfr.
356 4323 467 4376 Merkel:
488 4321 665 4388 Quaestiones
686 4321 835 4374 Ouidianae
854 4321 971 4373 criticae.
1000 4321 1063 4374 diss.
1098 4319 1176 4374 Halle
1199 4319 1270 4375 1835.

1134 4425 1145 4474 l
