3184 5008
659 305 869 435 ..47 Τ
950 379 956 407 .

178 565 242 614 non
272 545 389 614 habuit.
436 544 505 622 Quo
528 563 672 611 nosnos
694 543 778 610 ultre
800 543 915 612 deferri
937 550 1011 628 post
1032 541 1212 610 Massouum
1237 563 1346 608 omues

181 656 240 724 sibi
280 661 521 743 persuaserunt,
560 654 764 740 explicandae
800 661 919 722 tanturn
950 654 1008 719 uel
1045 654 1348 732 circumscribendae

182 769 357 834 hexametri
391 769 564 836 sententiae
598 787 694 832 causa
723 761 950 851 pentametrum
980 765 1136 839 adiectum
1162 767 1232 832 rati.
1284 766 1348 831 Sed

182 879 337 965 primum,
368 880 396 944 si
419 878 496 946 dicit
517 885 626 964 pobta,
661 877 775 959 solem,
805 897 843 943 cx
871 898 932 962 quo
960 878 1031 962 ipse
1059 884 1112 942 aut
1132 876 1253 942 ltaliam
1275 877 1344 942 reli·

183 991 319 1076 quisset,
344 997 399 1057 aut
422 989 582 1074 Scythiam
604 990 766 1070 ingressus
791 993 885 1070 esset,
907 989 968 1054 iter
990 1009 1081 1054 suum
1106 988 1153 1054 bis
1176 989 1349 1074 peregisse,

181 1109 321 1186 apparet,
346 1101 394 1166 bis
410 1101 440 1166 ei
457 1103 540 1167 intra
562 1100 655 1166 buius
676 1100 829 1186 temporis
844 1099 923 1165 fines
940 1106 971 1164 et
985 1099 1109 1165 initium
1126 1106 1158 1164 et
1171 1099 1264 1166 finem
1282 1101 1350 1165 eins

183 1213 307 1280 itineris
339 1214 441 1278 visum
461 1233 557 1295 esse,
583 1213 676 1296 ,quod
709 1232 766 1297 per
799 1212 889 1293 signa
916 1210 1062 1277 caelestia
1088 1212 1190 1276 facere
1218 1211 1349 1278 videtur.

183 1325 234 1389 An
257 1323 319 1388 illis
342 1322 432 1405 locis,
457 1322 570 1407 quibus
591 1307 768 1408 poctaiam
792 1323 899 1388 decem
924 1322 985 1388 sibi
1004 1321 1108 1387 lustra
1130 1328 1256 1407 peraeta
1279 1341 1349 1388 esse

180 1435 355 1520 profitetur,
399 1433 467 1518 (Tr.
491 1433 548 1525 lv,
577 1435 612 1516 8,
635 1436 686 1500 33.
713 1436 768 1515 10,
791 1435 848 1516 95,
881 1432 926 1500 lb,
956 1437 969 1498 1
994 1435 1054 1517 sq.)
1086 1453 1150 1498 nen
1179 1434 1217 1498 de
1247 1433 1350 1518 plenis

188 1545 415 1630 quinquaginta
438 1545 527 1610 annis
551 1545 613 1610 sibi
636 1546 730 1624 visio,
759 1545 815 1610 sed
838 1545 876 1610 de
898 1546 1068 1628 postremis
1091 1544 1208 1610 finibus
1230 1550 1350 1610 tantum
1380 1627 1383 1633 .

186 1657 295 1722 decern
311 1656 480 1722 lustrorum
504 1657 567 1722 dici
590 1657 817 1737 existimemus,
840 1656 884 1720 ita
906 1660 945 1721 ut
965 1655 1175 1739 quadraginta
1199 1677 1253 1721 sex
1276 1657 1351 1721 anni
1448 1679 1450 1683 ·

185 1769 311 1853 possint
337 1789 406 1834 esse
436 1767 494 1832 bac
521 1768 643 1833 ratione
672 1767 860 1846 significati?
892 1766 976 1848 Ergo
1011 1767 1062 1832 bic
1092 1783 1215 1850 quoquc
1242 1788 1351 1833 versus

184 1880 230 1945 ita
252 1878 479 1960 intellegendus
494 1887 561 1966 est,
585 1885 620 1945 ut
641 1878 737 1963 solem
754 1898 817 1944 non
834 1884 956 1944 tanturn
980 1877 1028 1942 bis
1051 1879 1193 1960 tetigisse
1216 1880 1352 1963 piscium

189 1992 313 2074 signum
352 1991 525 2073 indicetur,
566 1989 622 2056 sed
650 1989 746 2055 semel
773 1994 858 2057 tacto
887 1989 935 2082 bis
963 1989 1074 2054 eodem
1102 1989 1246 2055 rediisse.
1295 1990 1351 2055 Sin

189 2110 274 2170 recta
297 2107 383 2169 esset
405 2102 543 2168 Messeni
566 2103 761 2186 aliorumque
775 2101 961 2187 explicatio,
986 2107 1080 2187 po'dta
1102 2102 1232 2167 eandem
1257 2101 1350 2186 plane

189 2215 373 2280 sententiam
412 2215 460 2280 bis
497 2214 687 2298 protulisset
749 2214 847 2278 Nunc
882 2213 1003 2280 subluto
1041 2213 1100 2280 boc
1137 2213 1347 2280 abundantiae
1425 2301 1427 2305 Α

189 2327 332 2407 erimine,
372 2314 651 2408 ¹elegantissimam
694 2326 861 2392 verborum
906 2331 1093 2392 structuram
1137 2326 1350 2406 agnoscimus.

176 2437 266 2502 'Nam
299 2437 404 2505 uerbis
441 2437 507 2520 ,sol
542 2439 639 2504 ediit“
678 2439 811 2504 adversa
842 2439 944 2504 fronte
977 2442 1178 2522 opponuntur
1211 2439 1353 2522 ,peregit

187 2547 280 2628 iter“,
303 2549 398 2614 itaut
421 2548 517 2613 altero
541 2548 608 2614 loco
632 2549 827 2631 significetur
849 2550 991 2630 initium,
1016 2548 1112 2614 altero
1134 2548 1206 2616 linis
1229 2549 1351 2615 itineris

189 2657 311 2724 solaris.
350 2659 385 2724 Si
408 2658 515 2742 igitur,
540 2680 618 2743 quae
642 2665 692 2725 est
713 2661 809 2725 totius
826 2660 952 2725 distichi
968 2661 1123 2726 sententia
1139 2660 1177 2724 ad
1196 2660 1351 2744 pedestris

188 2771 342 2835 sermonis
370 2789 510 2836 normam
541 2771 715 2854 exprimere
739 2770 886 2854 velimus,
923 2771 1000 2836 baec
1032 2769 1097 2836 fere
1120 2771 1243 2836 evadat:
1279 2770 1352 2852 „ais

188 2879 235 2946 sol
272 2886 343 2965 post
377 2881 493 2946 hiemis
525 2889 649 2965 tempus
682 2887 783 2948 totum
818 2883 878 2946 iter
906 2882 1090 2966 percurrit“.
1137 2883 1353 2946 Commoratur

192 2999 294 3056 autem
319 2991 365 3056 sol
392 2991 424 3058 in
447 2991 582 3076 piscium
607 2993 697 3072 signe
721 2991 759 3056 ab
783 2991 888 3056 ldibus
904 2991 1084 3057 Februariis
1106 3013 1207 3075 usque
1230 2992 1268 3056 ad
1291 2993 1352 3056 ini-

185 3101 264 3166 tium
295 3101 385 3168 veris.
431 3101 553 3187 Scripta
579 3102 675 3182 igitur
705 3108 754 3167 est
777 3103 925 3187 epistola,
954 3123 1024 3168 cum
1048 3105 1110 3168 ianr
1134 3105 1244 3168 tertiae
1267 3102 1352 3167 exilii

190 3212 304 3278 hiemis
335 3215 439 3290 lustu
468 3212 541 3278 Idus
564 3213 754 3279 Februariae
777 3213 969 3300 adessent1),
1003 3215 1049 3279 ita
1070 3225 1106 3278 ut
1127 3222 1267 3300 ternpore
1290 3234 1352 3280 uon

189 3323 322 3388 multum
345 3323 441 3392 distet
462 3345 480 3388 a
501 3325 641 3390 carmine
664 3331 763 3404 sexto,
788 3325 904 3410 quippe
928 3325 1011 3408 quod
1036 3325 1185 3410 scriptum
1208 3325 1251 3391 sit
1272 3325 1354 3408 post

193 3417 376 3500 autumnum
401 3435 473 3499 anni
499 3435 630 3509 llllbd.
1333 3493 1335 3502 ,

148 3551 155 3564 ’
274 3545 595 3614 Animadvertendum
624 3550 726 3612 autern
752 3557 815 3628 est,
843 3547 926 3614 bunc
948 3547 1050 3614 lecum
1074 3548 1120 3613 ita
1140 3553 1353 3632 comparatum

189 3674 276 3736 esse,
291 3662 351 3738 ut,
380 3661 484 3724 utrum
508 3657 604 3722 totins
629 3657 712 3726 exilii
737 3678 776 3724 an
799 3658 1003 3725 habitationis
1027 3665 1146 3728 tantum
1171 3658 1354 3726 Tomitanae

188 3772 313 3850 tempus
343 3774 557 3852 computetur,
585 3789 648 3834 non
677 3769 804 3836 disertis
826 3770 931 3836 verbis
960 3791 1144 3856 expressum
1168 3771 1218 3836 sit.
1264 3769 1355 3847 Quod

191 3879 324 3944 fortasse
340 3879 492 3963 epistolae
507 3887 691 3962 argumento
708 3882 884 3950 accuratius
900 3882 1042 3967 inspecto
1058 3881 1225 3948 diiudicari
1238 3885 1350 3966 potest.

189 3988 384 4054 Criminibus
415 3991 497 4056 enirn
521 3993 721 4076 persequitur
742 3997 837 4077 polita
851 3993 992 4059 amicum
1017 3991 1168 4076 aliquem,
1191 3992 1276 4077 quod
1298 4013 1355 4078 per

188 4105 309 4166 tanturn
325 4103 476 4188 temporis
499 4103 632 4188 spatium
658 4102 825 4188 epistolam
849 4103 911 4172 sibi
934 4103 1056 4170 miserit
1076 4103 1203 4170 nullam.
1232 4103 1351 4170 Nonne

184 4257 388 4267 ——-—-—-—

259 4339 281 4408 1)
299 4341 344 4394 Ita
361 4341 506 4396 Merkelius
524 4358 630 4411 quoque
647 4342 788 4396 iudicavit:
808 4314 905 4397 Prolus
923 4343 957 4396 ad
975 4343 1016 4398 Ib.
1035 4344 1092 4398 390.
