3178 5018
639 363 786 448 <fros
829 401 869 413 -

12 553 13 556 ’
52 641 54 644 ¹
174 549 246 616 dius
281 571 351 616 cum
385 551 505 636 amicis¹
529 549 646 638 Romae
679 550 798 626 fruetus
832 558 922 632 erat,¹
943 570 1099 638 quamque
1126 555 1237 636 postea
1260 548 1337 614 adeo

177 661 303 730 desider
304 670 344 730 at
378 651 590 732 Memineris'
581 675 686 748 ipsum
698 661 845 728 Ovidium
863 661 1043 730 adolescent
1030 668 1091 728 tem
1105 668 1277 748 tempora
1266 681 1337 726 rara

165 774 209 866 'in
232 774 306 839 foro
324 775 470 858 posuisse
494 773 606 866 (Trist
630 772 681 855 lV,
701 775 750 856 10,
767 775 809 839 33
832 771 894 857 sq)
1217 821 1221 834 ,

258 883 321 975 Sed
345 883 441 968 multo
466 883 537 970 plus
561 883 653 964 valet,
690 885 773 968 quod
797 883 960 950 Schulzius
994 887 1037 970 (p
1061 885 1102 949 33
1125 849 1207 967 sqq.)
1242 849 1338 949 alium

162 996 329 1086 ¹quendam
353 994 503 1060 Severum
526 995 580 1060 illa
602 1002 702 1084 aetate
673 995 837 1062 tttioren
825 1002 887 1060 tem
910 994 1079 1076 indagasse
1095 993 1202 1060 sibi
1173 1013 1259 1060 visus
1278 999 1335 1072 est,

63 1172 66 1180 ,
165 1107 213 1198 'ad
231 1127 338 1190 quem
359 1106 497 1195 melius,
522 1127 613 1190 quam
649 1106 688 1172 ad
717 1113 842 1192 poetam
870 1105 1023 1190 quadrare
1046 1105 1214 1188 existimat,
1238 1124 1334 1188 quae·

175 1238 306 1301 cunque
321 1219 352 1284 in
377 1217 512 1303 epistola
534 1217 591 1300 l,8
613 1219 829 1304 proferantur..
867 1221 969 1301 Atque
994 1237 1062 1283 cum
1084 1216 1146 1282 hoc
1162 1213 1228 1294 solo
1244 1214 1337 1280 modo

173 1328 307 1394 stabiliri
342 1330 445 1415 possit
478 1350 515 1394 ea
548 1331 716 1409 sententia,
752 1350 814 1413 qua
847 1331 926 1394 duos
954 1330 1053 1394 fuisse
1076 1328 1209 1394 Severos
1234 1327 1339 1394 Ovidii

172 1442 289 1506 amicos
312 1441 451 1525 ponitur,
473 1443 661 1522 'argumenta
683 1443 751 1507 eius
775 1447 918 1506 accurate
942 1439 1150 1506 examinanda
1172 1446 1252 1504 sunt.

258 1553 509 1640 Cogitat-autom
542 1553 581 1618 de
604 1554 642 1619 A.
667 1552 803 1618 Caecina
824 1551 952 1630 Severo,
987 1553 1053 1617 viro
1083 1551 1178 1616 rebus
1200 1551 1231 1614 in
1257 1548 1337 1632 bello
1407 1535 1410 1546 ³

173 1665 270 1746 gestis
293 1663 376 1727 haud
400 1663 544 1746 ignobili,
568 1683 660 1749 quem
684 1664 869 1748 praesertim
896 1661 1081 1728 Germanico
1098 1663 1287 1747 imperatore
1305 1661 1337 1724 in

174 1772 341 1839 Germania
363 1781 523 1839 strenuum
548 1793 582 1842 se
603 1774 804 1858 praestitisse
828 1783 858 1838 ct
874 1774 1012 1855 insignia
1027 1769 1175 1838 militaria
1189 1773 1338 1838 meritum

174 1905 243 1950 esse
267 1885 396 1950 Tacitus
419 1885 549 1949 tradidit
572 1885 697 1968 (Annal.
722 1884 909 1967 Lai-ln).
944 1885 994 1950 Ad
1018 1905 1121 1968 quem,
1146 1904 1217 1948 cum
1240 1883 1334 1952 rebus

173 1998 206 2062 in
230 1995 365 2062 Thracia
387 2016 406 2061 a
429 1995 553 2062 Vitellio
577 1998 675 2078 gestis
699 2017 769 2062 eum
793 1997 974 2080 interfuisse
997 1995 1166 2060 verisimile
1189 1996 1243 2076 sit,
1260 1993 1338 2076 (Dio

174 2108 294 2187 bri,30,
312 2108 421 2190 ,eall
445 2107 529 2192 sqq.)
563 2115 635 2192 apte
668 2105 835 2172 Sebulzius
870 2108 951 2173 mitti
976 2106 1134 2172 existimat
1156 2105 1227 2170 belli
1251 2104 1335 2169 illam

173 2217 416 2304 descriptionem
442 2217 525 2282 eirea
556 2219 706 2302 Aegisum
742 2219 835 2302 gesti,
873 2239 952 2303 quae
975 2220 1095 2306 inserta
1117 2224 1164 2285 est
1186 2215 1338 2302 epistolae

173 2327 229 2410 1‚8
253 2333 295 2411 (v.
321 2331 467 2413 11-24).
515 2329 599 2396 ldem
624 2332 706 2395 enim
731 2309 864 2408 bellum,
886 2330 968 2414 quod
996 2331 1029 2394 in
1063 2328 1197 2414 epistola
1234 2327 1283 2404 IV,
1309 2329 1338 2410 i,

173 2440 223 2505 bic
247 2461 371 2524 quoque
394 2441 566 2524 significari
590 2443 797 2530 suspicatur·
824 2440 903 2508 Eius
925 2442 1021 2522 igitur
1038 2440 1154 2504 iudicio
1171 2439 1336 2524 Caecinam

173 2551 323 2616 Severum
348 2553 472 2634 „verbis
495 2551 557 2616 illis
581 2554 656 2637 peti,
681 2552 754 2636 quia
775 2573 879 2640 rerum
903 2550 1025 2617 illarum
1049 2552 1207 2637 particeps
1229 2551 1336 2630 fuerit,

172 2662 263 2728 facile
287 2664 357 2748 quis
380 2663 605 2750 contenderit.''

257 2775 320 2840 Sed
342 2782 438 2840 totam
463 2775 542 2838 banc
565 2776 794 2855 coniecturam,
826 2776 970 2861 quamvis
994 2775 1037 2840 sit
1059 2775 1214 2859 speciosa,
1245 2794 1336 2858 quam

174 2891 281 2949 tamen
306 2887 376 2970 ipse
392 2884 554 2950 Sohulzius
576 2892 611 2949 ut
633 2893 747 2950 certam
771 2888 910 2970 proferre
933 2906 996 2950 non
1020 2886 1124 2964 audet,
1148 2885 1241 2971 plane
1264 2885 1337 2957 futi-

172 2995 233 3060 lem
268 2989 344 3060 esse
370 2997 544 3063 luculenter
577 2996 785 3062 demonstrari
821 3003 952 3082 postest.
1004 2993 1143 3061 Primum
1177 3017 1238 3060 non
1268 2996 1337 3060 fieri

173 3112 288 3192 potest,
312 3114 346 3171 ut
362 3107 400 3172 de
415 3108 530 3196 eodem
544 3107 635 3188 bello,
659 3109 710 3172 oui
727 3106 881 3174 Vestalem
898 3108 1080 3172 interfuisse
1095 3109 1233 3172 carmine
1251 3106 1299 3187 lV,
1319 3107 1336 3170 7

177 3217 354 3300 edocemur,
379 3219 560 3298 cogitemus
588 3219 665 3286 Nam
683 3239 870 3303 quamquam
896 3219 1052 3302 utrimque
1069 3219 1220 3302 Aegisum
1246 3218 1337 3302 oppi-

175 3328 247 3394 dum
272 3337 488 3414 expugnatum
506 3351 576 3396 esse
597 3337 760 3406 narratur,
790 3329 854 3394 illic
878 3329 992 3396 bellum
1016 3351 1035 3394 a
1056 3328 1205 3396 Romanis
1229 3336 1339 3396 contra

174 3439 327 3521 Thracas,
360 3441 412 3506 hic
444 3443 526 3506 inter
553 3441 706 3508 Thracum
735 3442 888 3506 factiones
917 3448 1038 3526 gestum
1068 3441 1241 3520 exhibetur.
1292 3439 1338 3504 Ao

172 3572 230 3636 per
259 3571 293 3616 se
322 3552 448 3637 quidem
478 3573 540 3624 non
570 3560 675 3636 potest
702 3553 865 3636 cognosci,
899 3558 972 3617 utra
999 3569 1105 3636 pugna
1133 3551 1239 3635 prius,
1270 3557 1339 3614 utra

171 3663 330 3748 posterius
364 3665 534 3750 commissa
560 3663 615 3744 sit;
647 3664 814 3744 Caecinam
846 3670 949 3728 autem
979 3663 1073 3728 rebus
1101 3661 1236 3746 epistola
1262 3659 1289 3740 l,
1319 3662 1338 3724 8

171 3773 339 3860 descriptis
369 3774 565 3855 interfuisse,
594 3775 647 3840 vix
674 3775 823 3841 credibile
847 3781 903 3840 est.
947 3774 1025 3840 Nam
1049 3793 1119 3838 oum
1145 3771 1276 3839 Ovidius
1299 3772 1339 3838 de

172 3884 265 3951 rebus
288 3886 327 3952 ab
351 3906 387 3952 eo
411 3887 509 3968 gestis
533 3907 572 3950 ne
594 3887 724 3952 verbum
749 3887 876 3971 quidem
900 3886 1009 3966 adicit,
1032 3892 1097 3952 tum
1121 3884 1250 3948 omniuo
1273 3903 1336 3948 non

172 3994 380 4064 Romanorum
403 3998 502 4063 fuisse
526 3997 638 4062 bellum
663 4006 757 4082 patet.
803 3998 859 4064 Sin
882 3997 1087 4078 interfuisset,
1110 4015 1186 4060 num
1210 3996 1238 4060 ei
1261 4015 1333 4060 uar-

169 4110 270 4178 randa
281 4117 380 4192 erant,
397 4128 477 4193 quae
488 4110 559 4196 ipse
574 4108 713 4174 viderat?
746 4108 913 4177 Praeterea
928 4129 1004 4174 num
1021 4109 1150 4184 omnino
1167 4106 1336 4190 singularis

170 4220 285 4304 aliqua·
302 4239 396 4287 causa
418 4215 608 4304 inquirenda
631 4226 691 4297 est,
716 4239 772 4285 cur
792 4222 825 4285 in
849 4219 908 4286 hac
929 4220 1002 4306 ipsa
1023 4217 1252 4304 epistolahuic
1274 4217 1338 4302 ipsi

171 4331 272 4396 amico
301 4331 397 4396 missa
425 4331 498 4396 belli
530 4330 614 4398 illius
637 4332 756 4397 mentio
778 4329 853 4396 fiat?
888 4330 998 4396 Nonne
1021 4335 1116 4415 poeta
1138 4329 1338 4414 apertissime
