3184 5008
644 319 768 435 ,¹33
813 401 852 416 ..

102 575 105 586 ·
163 563 371 643 pentametro,
395 558 427 622 in
452 577 512 642 quo
535 559 623 639 regio
647 557 702 621 illa
717 556 891 622 Sarmatico
916 557 1053 638 nomine,
1075 555 1160 640 qued
1177 556 1328 622 Thraciae

163 666 404 753 septentrionali
432 687 567 752 unquam
592 668 697 732 datum
722 687 803 748 esse,
826 687 889 731 non
914 667 1053 758 memini,
1075 668 1249 731 accuratius
1273 667 1327 731 de-

160 779 277 844 linitur.
322 778 452 844 Frustra
488 784 591 844 autem
629 777 779 843 Loereius
818 779 862 862 (p.
879 778 911 860 8)
950 777 1097 861 expedire
1133 797 1165 842 se
1209 778 1329 842 studuit

164 889 285 956 duabus
326 889 588 974 explicationibus
625 889 808 973 propositis.
861 887 983 953 Etenim
1018 907 1095 973 „per
1132 888 1325 973 prolepsin'',
1356 877 1358 884 ’

162 1002 282 1084 inquit,
311 1000 480 1085 „explicari
504 999 655 1086 possuut''
677 983 727 1064 vel
751 1001 815 1083 „ita
837 999 937 1084 accipi
960 1005 1109 1084 possunt,
1137 1003 1173 1064 ut
1194 1005 1327 1084 poetae

159 1113 256 1192 mari,
280 1111 335 1176 ubi
359 1133 396 1176 aa
419 1112 585 1192 scriberet,
620 1112 652 1176 in
680 1131 733 1177 eas
762 1131 852 1191 oras,
887 1110 1029 1193 quamvis
1052 1109 1136 1174 haud
1162 1111 1206 1174 ita
1228 1129 1326 1193 prope

161 1222 299 1304 abesset,
324 1223 431 1304 digitis
455 1223 620 1288 ostendere
641 1224 797 1307 potetur.''
832 1221 939 1306 Neque
955 1241 1035 1305 quae
1049 1219 1215 1286 Schulzius
1231 1225 1276 1305 (p.
1290 1222 1323 1301 e)

159 1335 295 1420 profert,
324 1335 363 1398 ab
391 1333 450 1398 hac
473 1336 630 1400 sententia
653 1335 800 1399 videntur
822 1333 951 1398 multum
977 1333 1101 1398 abessa:
1126 1383 1154 1417 „.
1178 1385 1185 1399 .
1210 1387 1216 1398 .
1246 1352 1325 1416 quae

158 1443 255 1510 verba
286 1452 369 1510 carte
402 1465 504 1529 neque
528 1444 688 1525 Corinthi,
722 1465 825 1528 neque
859 1447 890 1508 in
914 1444 1052 1528 qualibet
1074 1443 1151 1510 urbe
1175 1442 1325 1508 Graeciae

159 1564 213 1620 aot
236 1553 332 1620 Asiae
355 1556 492 1622 seribere
516 1557 626 1640 potuit,
652 1557 708 1621 sed
732 1577 768 1620 eo
792 1556 918 1621 demum
935 1554 1015 1636 looo,
1041 1574 1101 1638 quo
1122 1559 1189 1620 toto
1212 1555 1324 1618 itinere

157 1685 260 1750 paene
293 1672 421 1751 peracto
455 1687 517 1732 nou
551 1667 660 1752 procul
693 1687 711 1730 a
740 1667 874 1732 Thracia
909 1673 941 1732 et
964 1665 1065 1731 Ponto
1088 1665 1211 1730 Euxino
1234 1667 1324 1730 luit?

161 1775 252 1853 Quod
277 1777 305 1840 si
327 1775 459 1842 Loersio
483 1778 738 1856 concederemus,
764 1777 875 1860 quovis
898 1776 977 1857 loeo,
1002 1777 1130 1860 quaeris
1153 1777 1238 1842 orbis
1261 1785 1324 1840 ter-

157 1907 261 1952 rarum
303 1909 358 1952 ora
392 1888 488 1971 ,haec
521 1889 591 1952 ora’'
623 1889 780 1953 nominari
814 1894 927 1973 potest.
982 1886 1098 1952 Facere
1131 1888 1229 1968 igitur
1260 1907 1336 1978 non

157 2017 301 2084 possum,
327 2001 402 2083 quin
426 1999 485 2064 hoo
508 2019 632 2064 carmen
655 2006 728 2084 post
749 2001 810 2064 iter
830 1997 940 2064 navale
956 1998 1076 2063 finitum
1094 2004 1149 2063 aut
1163 1999 1195 2062 in
1212 1999 1323 2062 itinere

136 2149 139 2155 -
160 2111 312 2194 pedestri,
336 2117 389 2176 aut
401 2112 478 2196 ipsis
496 2111 604 2176 Tomis
627 2116 701 2196 post
723 2117 826 2176 cetera
848 2111 941 2175 huius
962 2111 1101 2174 carmina
1117 2111 1223 2174 omnia
1236 2129 1322 2174 oom-

160 2224 297 2306 positum
321 2243 390 2288 esse
414 2229 566 2304 statuam,
595 2229 630 2287 ot
652 2221 824 2288 Wolffelius
847 2221 1004 2306 (9.1843)
1026 2221 1153 2286 videtur
1175 2223 1321 2288 sensisse.

162 2331 204 2398 [lt
228 2339 331 2400 autem
359 2339 454 2420 poeta
477 2335 557 2398 hanc
580 2333 743 2419 epistolam
768 2333 917 2424 hocloco
940 2335 1106 2410 insereret,
1141 2339 1323 2413 argumenta

158 2445 300 2509 variandi
334 2445 439 2510 studio
475 2465 544 2510 aum
580 2451 768 2510 commotum
804 2464 874 2509 esse
908 2463 1004 2528 supra
1027 2444 1180 2529 suspicati
1204 2463 1321 2508 sumus.

155 2554 264 2638 Neque
297 2556 469 2639 quidquam
502 2555 583 2620 volet
621 2555 770 2620 Graeberi
809 2563 1043 2636 argumentum,
1078 2554 1162 2639 quod
1196 2555 1320 2618 obstare

157 2666 281 2731 videtur
307 2675 338 2731 et
365 2668 394 2731 ei
417 2668 608 2749 sententiae,
632 2687 694 2750 qua
716 2667 854 2752 primum
876 2665 989 2732 librum
1013 2665 1051 2731 ab
1076 2664 1188 2731 Ouidio
1212 2665 1319 2732 Tomis

152 2777 278 2842 demum
303 2777 480 2842 absolutum
506 2799 591 2860 esse,
615 2786 646 2842 et
668 2780 709 2857 oi,
733 2797 795 2861 qua
819 2777 944 2842 hiemali
968 2778 1060 2841 etiam
1084 2785 1224 2862 tempora
1248 2777 1321 2840 illuc

152 2909 222 2953 curn
248 2891 371 2954 venisse
395 2891 530 2973 ponitur.
576 2889 661 2953 Dicit
682 2894 787 2954 autem
812 2891 855 2972 (p.
877 2889 925 2971 V).
972 2888 1069 2970 „Num
1093 2889 1170 2952 mihi
1192 2888 1317 2971 quidem

151 3019 337 3084 persuasum
373 3007 438 3082 est,
474 3000 525 3085 qui
558 3006 676 3064 tantum
711 2999 882 3064 identidem
918 3000 956 3064 de
985 2999 1171 3064 Tomitanae
1207 2999 1318 3063 hiemis

152 3111 292 3175 saevitiis
340 3118 530 3194 conquestos
566 3112 621 3192 sit,
671 3131 740 3174 eum
774 3113 868 3175 etiam
898 3110 936 3174 de
971 3109 1122 3174 molestiis
1164 3109 1319 3194 pedestris

150 3221 278 3287 itineris
317 3221 443 3286 hiemali
479 3228 623 3307 tempore
658 3243 715 3308 per
749 3222 914 3287 Thraciam
947 3221 1022 3287 lecti
1054 3241 1117 3285 non
1151 3222 1318 3286 taciturum

149 3332 267 3413 fuisse,
297 3333 325 3398 si
347 3332 461 3398 diebus
484 3333 624 3398 hibernis
646 3335 706 3398 iter
728 3335 944 3400 coniecisset.”
988 3331 1051 3398 Sed
1074 3336 1318 3397 consentaneum

152 3450 210 3524 est,
236 3449 359 3528 poetam
384 3445 417 3508 in
440 3465 518 3509 nave
542 3445 596 3510 ubi
619 3449 685 3510 tota
706 3446 829 3510 itineris
853 3465 928 3510 cura
950 3445 1054 3530 posite
1077 3448 1125 3509 ast
1147 3444 1180 3508 in
1202 3444 1318 3523 nautis,

149 3553 247 3620 multo
261 3554 332 3640 plus
351 3556 406 3621 otii
423 3555 572 3622 habuisse
588 3556 627 3620 ad
640 3556 780 3620 carmina
795 3555 1024 3641 componenda,
1048 3573 1140 3639 quam
1156 3555 1190 3618 in
1206 3555 1318 3620 itinere

149 3667 292 3730 terrestri
316 3666 383 3730 sive
406 3665 516 3747 rheda,
541 3667 606 3732 sive
622 3665 757 3752 pedibus
773 3667 925 3748 contecto,
951 3665 1004 3731 ubi
1020 3666 1191 3749 unicuique
1206 3666 1317 3730 viatori

152 3795 210 3841 sua
242 3776 360 3842 laboris
394 3797 468 3863 pars
503 3777 706 3863 suscipienda
739 3784 796 3842 est.
840 3775 1008 3843 Praeterea
1040 3797 1103 3842 non
1137 3778 1252 3842 desunt
1284 3778 1316 3840 in

154 3887 386 3972 posterioribus
408 3888 497 3954 libris
520 3889 599 3972 loci,
622 3891 675 3973 qui
700 3889 739 3954 ad
762 3888 922 3954 molestias
945 3890 977 3954 in
1000 3888 1059 3953 hac
1079 3889 1204 3952 itineris
1227 3895 1315 3973 parte

152 3997 301 4064 toleratas
324 4006 466 4085 spectent
489 4001 540 4085 (of.
554 3999 606 4066 Tr.
623 3999 674 4082 lll,
699 4003 729 4083 2,
754 4000 804 4067 25.
829 4001 867 4081 V,
892 4003 923 4081 2,
947 4001 997 4065 20.
1021 3998 1058 4082 V,
1081 4000 1113 4082 3,
1138 4000 1201 4082 19).

234 4111 367 4177 Samma
398 4113 495 4193 igitur
528 4111 753 4197 disputationis
787 4131 823 4176 ea
845 4118 911 4194 est,
946 4117 981 4176 ut
1003 4112 1139 4196 primum
1162 4109 1315 4175 Tristium

149 4220 266 4287 librum
289 4221 398 4289 Tomis
432 4223 558 4289 demum
582 4222 759 4288 absolutum
783 4229 815 4288 et
841 4222 915 4287 inde
938 4221 1067 4287 Romam
1091 4222 1222 4287 missum
1247 4241 1317 4286 esse

146 4331 384 4418 intellegamus,
420 4333 562 4418 quamvis
596 4333 744 4420 pleraque
778 4335 933 4416 carmine,
971 4341 1006 4400 ut
1023 4339 1055 4398 et
1081 4332 1183 4418 ipsius
1204 4338 1318 4418 poetae

1116 4450 1134 4506 3
