3178 5018
749 371 959 435 ..82-

269 559 348 626 Nam
373 560 400 625 si
424 559 486 623 iam
512 557 573 622 alia
595 557 717 622 rationo
740 562 834 643 potita
857 556 969 622 bonam
987 555 1158 622 Messallini
1181 574 1255 637 erga
1277 563 1311 620 s'e
1327 553 1439 618 voluu-

203 720 205 730 ,
271 651 370 736 tatem
405 669 620 752 cognovisset,
655 674 687 734 et
719 668 831 732 toruus
855 667 894 732 ad
917 687 987 731 cum
1012 668 1213 746 accessisset,
1247 673 1279 730 et
1302 666 1439 731 benevo-

270 780 386 846 lentiae
417 780 534 870 gratias
569 778 806 864 copiosissimas
829 780 945 843 reterre
968 797 1031 843 non
1055 776 1169 842 oblitus
1193 785 1294 859 esset,
1331 774 1439 860 quales

270 892 303 958 in
339 891 485 956 omnibus
519 889 661 975 epistolis
692 888 732 952 ad
755 888 878 954 Cottam
902 887 1043 972 aliosque
1067 888 1297 954 coniunctiores
1321 889 1440 951 amicos

271 1003 354 1069 datis
377 1001 592 1068 inveniuntur.
637 1000 694 1066 Sin
717 1001 778 1065 iam
803 1005 897 1066 antea
918 999 1076 1085 repulsam
1100 999 1236 1082 tulisset,
1261 1003 1316 1064 aut
1331 999 1440 1063 deten-

272 1113 377 1180 dcndo
420 1111 637 1177 excusandovs
674 1129 801 1196 operam
840 1110 980 1177 dedisset
1016 1113 1065 1194 (ut
1094 1099 1132 1174 'in
1168 1110 1265 1179 altero
1301 1110 1441 1174 carmine

151 1247 153 1254 ·
273 1223 428 1290 Graecino
461 1223 560 1287 misso
583 1221 686 1304 ΙΙ,6),
721 1228 777 1288 aut
799 1223 926 1288 omuino
950 1222 1053 1288 denuo
1077 1223 1215 1306 scribere
1247 1243 1310 1287 non
1345 1243 1441 1287 ausus

273 1339 370 1401 osset.
414 1333 525 1399 Nonne
548 1338 651 1398 autem
676 1333 782 1398 statim
806 1335 940 1418 epuuia
955 1333 1058 1418 pulso,
1082 1335 1204 1416 integra
1220 1335 1313 1401 etium
1330 1335 1441 1399 veniae

272 1466 343 1530 spo,
368 1442 567 1510 Messallinus
590 1444 619 1509 ei
643 1442 806 1508 adeundus
830 1451 907 1525 erat,
932 1445 970 1508 ad
987 1464 1079 1528 quom
1100 1465 1159 1530 per
1174 1445 1296 1511 Cottam
1312 1448 1439 1510 tratrem

180 1615 183 1622 .
272 1556 357 1622 haud
391 1555 485 1621 dubie
519 1556 581 1620 iam
614 1560 682 1620 tum
716 1554 820 1620 aditus
854 1557 883 1620 ei
918 1557 1039 1640 patuit?
1084 1555 1161 1620 Nam
1197 1556 1280 1640 quod
1306 1556 1441 1622 fortusse

272 1665 476 1732 Messallinus
499 1675 564 1731 tum
589 1665 739 1752 temporis
762 1686 824 1731 uon
849 1665 981 1746 Romae,
1007 1666 1068 1747 ssd¹
1086 1669 1118 1731 in
1142 1667 1253 1732 castris
1277 1676 1353 1743 erat,
1377 1686 1442 1731 non

274 1777 418 1862 impedit,
443 1778 610 1861 quominus
633 1783 727 1861 potta
748 1778 852 1859 gratia
874 1783 905 1842 et
919 1778 1113 1843 'auctoritate
1137 1793 1206 1842 cum
1231 1777 1314 1863 apud
1338 1779 1440 1863 impe-

274 1895 410 1953 ratorem
445 1887 506 1952 sibi
539 1888 646 1952 utilem
679 1888 747 1953 fore
781 1885 964 1972 speraverit.
1009 1887 1130 1965 Quibus
1165 1889 1339 1954 rationibus
1362 1887 1442 1953 haec

275 2019 400 2084 quoque
423 1997 557 2084 epistola
579 1998 618 2064 ad
637 1984 726 2084 prius
749 1997 834 2063 exilii
858 2007 982 2083 tempus
1005 1999 1082 2063 reici
1105 1998 1242 2064 videtur.

359 2109 466 2193 Neque
493 2107 648 2174 absimilis
675 2113 725 2175 est
752 2109 897 2174 condicio
925 2107 1079 2194 'epistolae
1102 2108 1139 2190 ΙΙ,
1156 2112 1191 2190 9,
1209 2130 1281 2194 uun
1312 2094 1444 2176 Ovidius

145 2251 149 2277 ·
182 2285 188 2296 ,
275 2221 378 2306 Cotyn
412 2241 517 2302 rogem
552 2219 736 2304 alloquitur,
769 2221 869 2284 virum
905 2228 937 2285 ct
958 2220 1068 2286 Martis
1091 2226 1124 2288 et
1145 2220 1305 2288 Musarum
1330 2223 1443 2286 studiis

274 2333 459 2414 insignem,
482 2332 536 2415 qui
569 2351 669 2416 prope
693 2329 809 2395 Tomos
843 2351 975 2412 reguum
1008 2331 1162 2398 tenebat(
1189 2331 1311 2397 Partem
1337 2335 1468 2398 uutem'

277 2443 430 2508 Thracias
464 2442 502 2507 ab
526 2448 669 2524 Augusto
693 2441 948 2508 Rhoemetaloidc
980 2449 1071 2528 patre
1099 2449 1222 2509 mortuo
1247 2444 1274 2508 ei
1298 2444 1444 2509 traditam

277 2574 361 2634 esse,
385 2554 515 2620 Tacitus
538 2561 717 2619 auctorest
739 2555 835 2637 (Anu.
853 2557 884 2634 2,
901 2555 943 2618 64
965 2556 1003 2619 ot'.
1021 2553 1081 2619 Dio
1096 2555 1148 2638 bt),
1165 2556 1231 2636 30).
1270 2553 1359 2630 Quod
1382 2575 1445 2640 quo

278 2685 359 2730 auno
382 2666 497 2730 factum
522 2665 579 2746 sit,
608 2683 672 2728 uon
695 2664 839 2729 truditur.
885 2665 961 2730 Siue
984 2665 1173 2732 diluentem
1197 2686 1294 2731 causa
1318 2663 1445 2730 Wolffe·

277 2774 339 2841 lius
363 2775 408 2859 (p.
424 2775 521 2857 2205)
541 2775 718 2859 suspicatus
742 2781 800 2856 est,
824 2775 917 2840 modo
935 2781 1093 2861 potestate
1108 2777 1256 2841 donatum
1275 2775 1314 2841 ab
1333 2773 1444 2840 Ouidio

279 2885 445 2972 epistolum
478 2886 650 2971 accepisse.
706 2885 785 2951 Cum
820 2887 911 2950 enimv
938 2887 1042 2972 Cotyn
1073 2907 1136 2952 non
1171 2887 1238 2952 sola
1273 2886 1447 2952 hereditate

276 3017 409 3078 reguum
444 2997 621 3081 accepisse,
662 2997 718 3061 sed
751 2997 941 3078 singularem
977 2998 1134 3082 quandum
1170 2999 1202 3062 in
1237 2998 1446 3083 potestatibus

279 3106 455 3193 opibusque
491 3105 573 3172 inter
609 3105 693 3172 huuc
727 3112 757 3171 et
790 3107 1056 3194 Rhescuporidam
1094 3109 1223 3174 tratrem
1264 3107 1445 3174 dividendis

279 3237 385 3283 curam
420 3216 458 3294 ab
482 3220 625 3298 Augusto
660 3217 795 3298 positum
830 3237 900 3284 esso
934 3220 1087 3300 sciamus,
1124 3219 1271 3285 Ouidium
1306 3221 1374 3286 eius
1400 3220 1446 3284 rei

279 3329 472 3394 mentionem
495 3330 650 3394 fauturum
673 3328 773 3394 fuisso
796 3330 996 3411 crediderim,
1021 3331 1047 3395 si
1071 3331 1191 3396 recenti
1206 3336 1350 3416 temporo
1367 3331 1447 3395 ucci-

280 3440 398 3520 disset‚
433 3439 616 3524 praesertim
652 3459 722 3504 cum
756 3441 900 3506 versibus
926 3441 964 3504 ii
980 3462 1049 3525 sqq.
1083 3439 1283 3506 clementiam
1312 3441 1449 3523 Augusti

279 3552 378 3617 tantis
407 3550 553 3616 laudibus
586 3550 704 3618 efferat.
748 3550 827 3616 Nam
851 3573 889 3617 ea
912 3559 960 3617 est
982 3551 1088 3618 Ovidii
1112 3572 1220 3618 omncs
1243 3573 1295 3618 ros
1319 3553 1357 3617 ud
1381 3571 1449 3616 car-

280 3663 400 3728 minum
436 3681 563 3728 suorum
599 3671 783 3744 argumenta
805 3662 975 3728 adhibendi
1009 3663 1187 3746 diligentia,
1223 3663 1449 3750 utplurimum

280 3772 383 3838 valeat
404 3772 483 3838 ratio
508 3793 545 3838 ex
567 3774 693 3839 silentio
716 3774 817 3859 petitu
840 3775 1021 3858 ceteroquin
1037 3795 1100 3839 non
1123 3775 1218 3840 nimis
1241 3774 1341 3839 firma.
1385 3772 1447 3838 Ne·

97 3937 98 3944 ,
197 3871 198 3876 ’
282 3903 343 3969 quc
365 3886 470 3950 minus
494 3884 563 3970 ipsa
585 3883 681 3950 verba
703 3884 855 3966 iudicant,
880 3884 1026 3950 Ovidium
1052 3893 1083 3952 et
1097 3886 1195 3971 Cotye
1218 3887 1280 3950 ium
1297 3891 1447 3967 rcgnante

282 3995 316 4060 in
350 3993 420 4060 ilius
454 3996 599 4076 regiones
621 3994 763 4073 venisse,
800 4003 830 4060 et
852 3995 935 4060 haud
961 3996 1057 4062 multo
1087 4006 1159 4082 post
1192 4015 1296 4078 regom
1331 3995 1444 4060 litteris

282 4106 413 4192 petiisse
437 4127 464 4172 u.
484 4107 501 4170 i
525 4126 610 4188 sqq.:
939 4093 941 4098 ⁸
1487 4099 1491 4104 ’

436 4217 486 4281 bie
507 4219 636 4282 fortuna
657 4217 728 4296 tibi,
752 4219 789 4282 de
813 4238 885 4299 qua,
909 4220 994 4300 quod
1016 4238 1079 4284 non
1103 4238 1215 4298 querar
1237 4219 1295 4282 boc
1318 4222 1377 4296 est.‚

488 4327 643 4407 Tradidit,
666 4328 725 4391 boc
746 4347 810 4392 nno
834 4347 897 4393 non
919 4330 1050 4393 inimica
1071 4330 1161 4393 mihi.
1205 4358 1207 4365 ·
