3184 5008
736 310 942 374 -24-

219 529 221 544 ι
259 496 391 562 indicari
424 497 555 564 videtur.
611 497 807 582 Quamquam
840 517 876 562 aa
909 501 1101 578 argumenta,
1137 515 1215 579 quae
1251 495 1310 558 hoc
1338 493 1419 575 loco,

259 613 423 691 antequam
447 610 480 673 in
503 614 678 693 temporum
701 609 914 692 quaestionem
940 607 1031 672 altius
1056 606 1297 691 penetravimus,
1322 603 1417 688 plene

260 719 372 801 exponi
395 721 539 803 possunt,
562 740 628 784 rem
651 739 714 783 non
736 719 828 804 plane
852 717 1030 784 conficiunt.

343 829 377 892 ln
400 831 510 914 primis
533 830 616 894 enim
638 831 722 894 tertii
747 829 896 895 Tristium
912 829 984 894 libri
1001 827 1203 908 carminibus,
1221 846 1300 910 quae
1319 825 1419 910 primo

258 939 463 1005 habitationis
487 941 670 1006 Tomitanae
685 946 825 1026 tempore
842 945 909 1004 orta
925 959 1005 1021 esse,
1019 947 1128 1024 postea
1140 935 1420 1015 demonstrandum

259 1051 330 1131 erit,
362 1051 480 1116 indioia
513 1052 666 1134 quaedam
702 1051 976 1136 deprehendimus,
1001 1050 1114 1134 quibus
1139 1049 1271 1114 hiemale
1295 1056 1418 1132 tempus

259 1161 429 1242 significari
441 1161 574 1227 videtur.
599 1161 690 1227 Velut
705 1163 737 1225 iu
754 1161 886 1247 epistola
897 1161 948 1242 lll,
963 1164 993 1241 2,
1011 1181 1101 1244 qnam
1115 1160 1261 1226 omnibus
1276 1167 1418 1244 tempore

261 1272 444 1338 antecedere
467 1274 548 1336 infra
570 1273 786 1358 perspicietur,
809 1272 925 1353 legitur
947 1293 974 1338 v.
1000 1273 1017 1335 7
1041 1291 1102 1355 sq:

410 1381 548 1448 Plurima
571 1383 625 1447 sed
649 1383 757 1467 pelago
781 1389 924 1467 terraque
947 1382 1086 1467 pericula
1109 1403 1236 1466 passum

462 1494 554 1560 Ustns
578 1495 615 1560 ab
640 1494 767 1560 assiduo
790 1495 904 1574 frigore
930 1493 1045 1559 Pontus
1069 1493 1169 1558 habet.

344 1604 430 1681 Quae
453 1605 551 1690 abeo
573 1605 696 1690 prolata
728 1605 839 1685 videri,
859 1605 926 1688 squi
958 1624 1058 1669 novus
1082 1604 1202 1668 advena
1224 1605 1257 1667 in
1280 1603 1417 1670 mediam

259 1715 373 1780 hiemis
392 1715 590 1800 asperitatem
611 1715 785 1796 incidisset,
803 1715 975 1780 Brundesio
991 1735 1115 1799 quoque
1131 1716 1282 1800 probatur
1299 1716 1342 1797 (p.
1356 1715 1419 1780 350

257 1831 289 1890 et
321 1826 397 1910 354)
430 1847 532 1910 neque
566 1825 724 1907 intellego,
770 1827 823 1909 qui
857 1825 993 1910 potuerit
1027 1824 1198 1890 Wolffelius
1239 1827 1282 1909 (p.
1320 1825 1416 1906 1839)

256 1938 455 2018 contendere,
474 1937 591 2001 nnllam
614 1938 646 2002 in
671 1937 728 2002 hoo
751 1937 888 2002 carmine
905 1937 1017 2001 hiemis
1034 1937 1227 2001 mentionem
1243 1935 1321 1999 lieri.
1353 1935 1414 2000 Sed

255 2036 447 2114 Brandesius
481 2051 524 2133 (p.
549 2049 623 2130 350)
652 2053 868 2130 argumentum
891 2047 968 2113 illud
990 2047 1060 2131 ipse
1083 2066 1210 2130 pessum
1235 2046 1320 2114 dedit
1343 2065 1413 2110 enm

256 2157 399 2224 versibus
428 2160 467 2224 19
491 2179 553 2244 sq:

406 2271 461 2334 Nil
482 2273 547 2336 nisi
568 2273 643 2336 flere
666 2272 754 2350 libet,
778 2290 835 2334 nee
857 2275 967 2334 nostro
989 2272 1117 2352 parcius
1136 2272 1238 2333 imber

455 2382 597 2462 Lumine,
621 2383 659 2445 de
681 2401 779 2445 verna
801 2401 897 2462 qnam
919 2383 991 2446 nive
1014 2387 1124 2446 manat
1146 2371 1246 2462 aqua.¹

257 2489 427 2571 significari
449 2493 625 2576 proposuit,
641 2492 723 2556 veris
746 2491 911 2556 adventum
936 2512 1034 2576 prope
1058 2492 1231 2556 imminere.
1269 2495 1416 2555 Attamen

258 2620 275 2664 e
298 2603 531 2687 comparatione
553 2603 635 2668 inter
657 2602 759 2666 nivem
785 2601 850 2667 sole
875 2602 1027 2683 digestam
1053 2607 1085 2667 et
1107 2601 1252 2666 lacrimas
1276 2601 1419 2666 instituta

260 2710 299 2775 de
322 2717 463 2796 tempore
486 2713 633 2779 carminis
656 2712 702 2776 nil
723 2732 818 2797 posse
846 2713 1001 2794 concludi,
1035 2713 1179 2797 Meyerus
1204 2717 1247 2796 (p.
1270 2713 1333 2776 453
1357 2711 1415 2794 sq.)

256 2827 339 2886 reete
361 2823 491 2890 monuit.

342 2934 496 3017 Sequente
519 2940 622 3008 autem
646 2935 784 3000 carmine
806 2939 902 3020 polita
917 2936 1006 3000 uxori
1018 2936 1155 3014 nuntiat,
1174 2956 1207 3000 se
1220 2934 1415 3016 aegritudine

259 3042 402 3109 affectum
425 3065 505 3110 esse.
549 3045 648 3122 Quam
673 3052 703 3110 et
725 3046 795 3111 aliis
819 3047 922 3111 causis
946 3053 977 3111 et
999 3047 1075 3110 caeli
1093 3047 1262 3132 asperitate
1278 3053 1414 3110 exortam

259 3173 328 3218 esse
351 3155 478 3238 exponit
500 3177 528 3220 v.
553 3158 570 3220 7
595 3177 655 3240 sq:

406 3267 471 3331 Nee
493 3269 616 3332 eaelum
637 3269 751 3350 patior,
773 3289 831 3333 nee
854 3270 945 3350 aquis
969 3270 1172 3334 adsuevimus
1195 3270 1278 3347 istis,

456 3378 613 3460 Terraque
635 3381 741 3444 neseio
764 3399 827 3461 quo
849 3399 911 3444 non
934 3381 1038 3461 placet
1051 3381 1131 3467 ipsa
1152 3382 1255 3445 modo.

256 3485 316 3552 Hic
349 3508 472 3572 quoque
506 3509 597 3571 aegre
620 3509 683 3554 non
713 3491 885 3570 cogitamus
914 3490 952 3554 de
978 3491 1134 3572 iniquiore
1160 3491 1234 3554 anni
1260 3497 1414 3573 tempore.

257 3596 320 3662 Sed
344 3600 509 3681 quominus
530 3601 661 3666 nimium
678 3600 853 3665 tribuamus
872 3600 921 3665 his
937 3601 1141 3682 argumentis,
1165 3601 1351 3686 praesertim
1375 3600 1416 3681 ei,

259 3708 341 3792 quod
365 3729 382 3774 e
405 3710 542 3776 carmine
566 3711 703 3776 seeundo
726 3712 856 3796 petitur,
891 3731 927 3777 eo
951 3711 1152 3798 impedimur,
1177 3711 1259 3794 quod
1282 3713 1416 3776 tortasse

260 3817 390 3901 Pontus,
414 3819 552 3905 epitheto
577 3822 667 3904 quasi
689 3829 841 3907 perpetuo
865 3822 1019 3902 adhibito,
1043 3823 1154 3906 quovis
1180 3823 1253 3887 anni
1277 3827 1417 3906 tempore

261 3936 370 4013 „ustus
403 3931 534 3996 adsiduo
571 3933 706 4013 frigore'’
739 3932 890 4017 appellari
925 3934 1038 4017 potuit.
1083 3933 1176 3998 Certe
1198 3940 1301 3998 autem
1325 3934 1416 4014 ratio,

257 4059 318 4123 qua
341 4041 481 4124 quaestio
505 4042 698 4124 conficiatur,
721 4043 895 4108 desumitur
912 4063 928 4108 e
945 4044 1087 4108 versibus
1108 4065 1145 4108 ex
1161 4042 1194 4108 P.
1211 4043 1235 4124 1,
1253 4047 1282 4126 2,
1303 4046 1342 4108 27
1356 4064 1418 4127 sq:

404 4152 537 4218 Hieme
559 4157 755 4234 pugnantem
777 4173 851 4218 cum
872 4155 988 4234 frigore
1011 4174 1147 4236 eumque
1170 4157 1281 4235 sagitti

457 4262 599 4345 Cumque
620 4283 690 4328 meo
712 4266 778 4329 fato
802 4269 917 4347 quarta
937 4267 1052 4346 fatigat
1073 4267 1185 4330 hieme.
