3178 5018
714 355 942 420 -110-

241 562 319 614 osus
354 541 504 624 coniecit,
539 544 682 624 Augusto
715 543 778 613 iem
801 551 923 610 mortuo
947 563 1071 613 carmen
1093 544 1302 630 compositum
1328 563 1408 610 esse

150 642 153 652 ’
241 653 320 722 Nam
345 653 443 726 etiam
462 653 567 720 vivum
590 654 812 740 imperatorem
837 656 1023 741 saepissime
1039 654 1172 723 Ovidius
1189 655 1281 724 deum
1298 653 1409 740 appel·

241 762 320 830 lavit
341 764 394 848 (ci.
412 763 508 832 Trist.
526 763 549 846 1,
566 768 602 858 2,1
613 766 636 832 3
649 785 711 850 sap,
733 765 786 847 ΙΙΙ,
806 772 834 848 l,
850 767 893 832 35
908 787 991 852 squ,
1014 765 1049 850 V,
1066 769 1099 849 2,
1114 767 1157 832 db
1172 786 1241 852 sqq.
1275 765 1338 834 ibis
1355 767 1409 848 23,

243 895 282 942 en
303 873 337 942 P.
353 875 379 957 Ι,
395 877 428 956 2,
443 876 485 945 99
501 876 562 960 sq.)
586 913 626 928 -··
648 876 790 947 Alterum
814 897 939 946 carmen
962 877 1117 964 scriptum
1140 899 1230 960 esse,
1251 897 1322 946 eom
1345 878 1408 944 iem

242 985 342 1052 exulis
380 992 492 1071 poetae
524 1006 620 1071 opera
654 987 807 1072 quaedam
840 988 873 1054 in
907 979 1082 1074 publicum
1097 988 1300 1074 prodiissent,
1334 987 1409 1056 inde

243 1097 460 1181 consequitur,
495 1097 578 1182 quod
603 1097 746 1166 Tomitae
779 1099 818 1164 de
852 1100 1034 1184 patriacus
1055 1091 1259 1168 coutumeliis
1282 1105 1414 1164 onerata

243 1207 397 1290 indignati
420 1208 459 1276 ad
485 1209 557 1294 ipso
578 1209 717 1276 carmina
738 1209 933 1292 relegantur,
962 1211 1077 1295 quibus
1100 1231 1161 1278 non
1185 1210 1224 1276 ds
1247 1210 1407 1280 bominum

244 1319 301 1387 sed
323 1319 362 1386 de
384 1323 488 1386 terrea
511 1320 682 1405 asperitate
706 1320 923 1405 querimoniae
946 1321 1118 1388 fundantur
1141 1342 1169 1388 v.
1185 1321 1242 1386 25:
1306 1403 1311 1411 .

397 1433 538 1508 Quilibet
559 1434 703 1498 excutiet
724 1434 826 1498 nostri
848 1435 1045 1500 monimenta
1066 1435 1195 1513 laboris,

447 1543 566 1608 Littera
589 1545 626 1608 de
648 1545 739 1608 vobis
762 1549 811 1608 est
834 1563 905 1608 mee
927 1549 1041 1624 questa
1063 1545 1152 1608 nihil.

329 1651 444 1718 Postea
478 1658 581 1720 autem
604 1655 646 1737 (u.
663 1654 705 1718 et
722 1656 805 1737 sqq.)
828 1660 921 1738 poeta
942 1662 1059 1734 narrat,
1095 1653 1324 1722 immunitatem
1346 1652 1410 1718 sibi

243 1784 348 1850 naper
370 1785 390 1830 a
412 1763 546 1830 Tomitis
562 1764 667 1832 ‘datam
690 1781 771 1830 esse.
815 1763 906 1842 Quod
929 1785 1117 1849 quamquem
1140 1765 1323 1848 ceteroquin
1346 1783 1412 1828 non

244 1883 516 1957 commemoratur,
538 1875 602 1940 nisi
623 1876 656 1942 in
680 1875 815 1960 epistola
828 1875 916 1952 lue
939 1879 980 1959 (r.
998 1877 1038 1942 et
1055 1877 1136 1960 sqq.)
1160 1893 1241 1941 anno
1260 1876 1299 1940 16
1322 1894 1411 1940 com·

244 1978 363 2073 posita,
396 1991 500 2054 tamen
535 1986 574 2053 ad
602 1992 727 2072 tempus
751 1987 899 2052 carminis
922 1986 974 2069 IV,
992 1987 1033 2052 14
1055 1987 1226 2054 eruendum
1248 1986 1293 2052 nil
1316 1985 1409 2070 valet,

244 2117 316 2164 cum
338 2099 435 2164 altero
457 2097 510 2164 illo
532 2097 600 2164 loco
616 2117 680 2165 non
699 2097 831 2181 dicatur,
856 2098 1005 2184 quamdiu
1031 2103 1126 2184 potita
1139 2099 1200 2164 iam
1218 2097 1278 2164 boe
1292 2098 1412 2162 honore

242 2211 374 2279 fruatur.
418 2209 482 2276 Sed
516 2210 629 2276 summi
663 2201 813 2276 momenti
847 2217 938 2289 sunt,
973 2229 1052 2294 qrrae
1087 2215 1199 2295 postea
1221 2208 1354 2275 Ovidius
1377 2208 1413 2272 in

242 2322 315 2406 ipso
338 2322 477 2387 carmine
500 2320 653 2387 Tuticano
677 2322 773 2386 misso
798 2320 961 2406 profitetur
984 2343 1011 2386 v.
1027 2322 1078 2386 43.

401 2433 480 2496 Tam
502 2433 581 2496 felix
599 2433 735 2511 utinam,
759 2452 855 2514 quam
877 2437 1003 2513 pectore
1025 2434 1178 2498 candidus
1201 2451 1313 2511 essem,

449 2544 562 2608 Exstat
584 2545 687 2616 adhuc
709 2563 801 2610 nemo
824 2546 953 2608 sancius
976 2561 1028 2608 ore
1050 2563 1130 2609 mec.

332 2653 378 2720 Eo
402 2656 485 2720 enim
510 2655 601 2720 modo
619 2657 775 2741 protertur
790 2656 956 2736 sententia,
979 2664 1014 2720 ut
1028 2655 1256 2737 intellegamus,
1279 2652 1409 2735 gloriari

246 2772 389 2854 poetam,
412 2785 476 2832 non
500 2765 599 2832 solum
623 2766 773 2848 lenitis,
808 2767 863 2831 sed
886 2767 982 2832 etiam
1005 2767 1150 2831 cornibus
1172 2747 1352 2830 hominibus
1376 2785 1413 2832 se

243 2879 348 2948 adbuc
383 2897 436 2946 ore
459 2879 521 2944 ie.
557 2879 696 2944 carmine
729 2879 925 2963 pepercisse:
959 2882 1001 2944 At
1028 2879 1055 2942 ei
1079 2877 1158 2942 alios
1180 2875 1324 2942 laesisset
1345 2896 1410 2942 non

246 2991 359 3055 mirum
401 2995 496 3056 esset:
530 2973 721 3056 in'Tomitis
755 3010 794 3054 ne
828 3009 953 3054 causam
989 2988 1115 3072 quidem
1148 2985 1409 3076 contumeliarum

244 3100 352 3167 mmm
377 3121 446 3166 esse
470 3100 546 3166 dicit
567 3119 596 3166 v.
612 3099 668 3166 45:

398 3212 498 3290 Adde,
521 3214 605 3292 quod
628 3213 755 3292 lllyrica
777 3213 805 3274 si
828 3213 891 3276 iam
913 3211 983 3292 pice
1005 3212 1125 3290 nigrior·
1145 3229 1258 3287 essem,

450 3323 522 3388 Non
543 3324 716 3388 mordendo
738 3325 817 3388 ruihi
840 3341 936 3406 causa
957 3310 1060 3386 fidelis
1083 3327 1160 3386 eret.

331 3433 410 3498 Num
436 3439 539 3499 autam
563 3437 656 3519 potita
678 3438 867 3498 contendere
889 3439 1009 3518 posset,
1037 3433 1193 3499 neminem
1218 3432 1412 3498 carminibus

171 3613 175 3620 ,
244 3544 313 3611 suis
330 3544 469 3611 saucium
486 3563 568 3626 esse,
584 3551 661 3626 tum,
678 3564 748 3612 eum
766 3546 826 3610 iam
851 3543 930 3624 lbin,
954 3562 1077 3609 ammon
1101 3543 1223 3610 inimici
1246 3543 1409 3610 cuiusdam

251 3655 403 3721 conviciis
436 3658 472 3720 ut
505 3654 648 3724 obscuris
681 3657 846 3739 tectisque,
869 3655 914 3720 ita
935 3653 1149 3722 acerbissimis
1171 3652 1319 3720 refertum
1343 3653 1411 3720 edi·

175 3801 181 3812 ·
244 3765 357 3841 disset,
392 3765 453 3832 iam
483 3764 605 3833 dudum
623 3765 683 3832 viri
706 3765 790 3830 docti
819 3763 1049 3832 dubitaverunt.
1103 3765 1251 3832 Attamen
1285 3770 1410 3850 poetam

159 3949 161 3954 ,
249 3876 414 3948 rhetorum
434 3893 522 3944 more
543 3875 638 3944 etiam
661 3875 739 3944 alibi
753 3893 814 3942 noo
829 3874 925 3944 nimis
942 3876 1007 3942 veri
1023 3892 1166 3942 normam
1181 3873 1411 3958 chamaecisso,

247 3988 378 4055 scimus.
424 3985 529 4070 Velut,
552 3986 635 4071 quod
658 3985 746 4066 dicit,
780 4005 815 4052 se
842 3986 881 4052 de
907 3993 1003 4068 terre,
1034 4006 1098 4054 non
1123 3987 1162 4052 de
1183 3986 1298 4053 incolis
1318 3985 1413 4054 Ponti

247 4105 393 4184 questum
427 4117 508 4178 esse,
543 4097 577 4162 id
611 4102 805 4182 quantopere
837 4118 857 4162 a
888 4117 962 4163 vero
985 4097 1121 4179 recedat,
1145 4097 1233 4164 lentis
1257 4097 1411 4164 Tristium

247 4209 440 4276 carminibus
454 4208 492 4293 (Ι,
507 4211 558 4292 11,
582 4208 633 4290 IV,
649 4209 699 4292 10,
724 4207 760 4290 V,
775 4210 825 4291 10,
838 4210 879 4275 39
903 4198 986 4294 sqq'.)
997 4208 1199 4295 perspicitur.
1233 4208 1412 4294 Praeterea,

246 4339 318 4388 cum
341 4342 404 4388 non
426 4320 529 4406 primo
552 4319 655 4387 stetim
681 4319 766 4391 exilii
788 4327 930 4406 tempore
943 4318 1130 4388 Tudoanum
1145 4318 1277 4392 adiisset
1291 4317 1372 4403 (llll,
1392 4323 1412 4384 7
