3178 5018
737 367 947 432 *84*-

152 644 157 655 .
262 553 365 638 primo
399 557 521 618 terrore
545 552 705 638 paululum
728 559 903 636 recreatus,
938 553 1206 642 seribendioperi
1228 553 1358 620 vocavit.
1381 588 1426 602 -·

262 662 346 728 ldem
371 663 526 746 flagitant,
555 683 634 747 quae
656 664 738 728 infra
759 663 913 746 leguntur.
958 663 1094 750 Exponit
1115 665 1200 730 enim
1223 671 1333 750 poeta,
1361 664 1425 729 ini·

263 793 324 858 quo
348 793 423 839 casu
446 773 615 856 incidente,
639 796 673 840 se
690 796 726 840 eo
744 775 837 842 etiam
855 774 1060 840 infeliciorem
1076 771 1185 856 fuisse,
1210 775 1293 859 quod
1310 775 1427 841 absens

263 887 383 950 amicus
407 884 554 950 solatium
577 886 639 952 sibi
661 887 742 964 ferre
765 893 828 950 non
851 887 1007 971 potuisset
1029 907 1057 951 v.
1075 889 1113 951 11
1138 907 1222 971 sqq:

416 999 505 1062 Certe
527 1017 594 1078 ego,
618 1019 691 1062 curn
713 1000 852 1078 primum
867 999 958 1080 potui
980 1000 1106 1078 sentire,
1130 1000 1207 1079 quid
1230 1017 1333 1063 essem
1353 1035 1396 1044 -

467 1109 549 1172 Nam
571 1111 632 1172 luit
654 1111 791 1172 attonito
813 1127 902 1173 meus
924 1110 1004 1172 milri
1026 1109 1115 1172 nulla
1137 1110 1192 1172 diu
1214 1145 1255 1154 —

300 1263 302 1270 ,
419 1221 484 1282 lloc
507 1239 632 1299 (quoque
653 1221 815 1282 fortunam
837 1221 932 1297 sensi,
957 1222 1040 1299 quod
1062 1221 1184 1284 amicus
1207 1221 1344 1298 abesses,
1396 1238 1399 1248 ’

341 1315 344 1322 ’
430 1337 433 1343 ·
468 1331 528 1404 qui
551 1331 630 1394 milri
652 1331 848 1410 praesidium
872 1331 988 1408 grande
1009 1331 1137 1406 futurus
1160 1348 1238 1393 eras.

418 1442 536 1504 'lecum
559 1444 636 1504 tunc
658 1437 794 1526 aberunt
816 1459 927 1519 aegrae
949 1442 1064 1504 solatia
1086 1442 1202 1504 mentis

468 1553 645 1630 llagnaque
668 1569 741 1631 pars
764 1552 863 1614 animi
886 1552 1073 1631 consiliique
1095 1553 1166 1614 mei.
1225 1621 1227 1628 ‚

289 1708 293 1718 1
350 1661 471 1739 Quibus
494 1661 625 1740 aduersa
647 1655 750 1726 fronte
766 1668 976 1750 opponuntur
998 1681 1106 1728 versus
1131 1664 1169 1726 17
1188 1681 1249 1746 sq.:

411 1774 461 1838 nt
472 1793 566 1853 nunc,
582 1773 668 1854 quod
682 1776 836 1854 superest,
859 1775 913 1837 fer.
923 1791 1024 1854 opem
1046 1792 1164 1854 precor,
1180 1773 1304 1838 eminus
1314 1793 1428 1855 ⁴urnam,

467 1885 681 1965 Alloquioque
702 1885 777 1948 iuva
789 1887 926 1964 'pectora
950 1887 1059 1948 nostra
1078 1887 1145 1948 tuo.

351 1994 478 2060 Scilicet
501 1995 528 2059 ei
552 1993 702 2078 tempori,
732 1994 816 2077 quod
838 1992 1060 2073 relegationem
1083 1995 1225 2078 proxime
1247 1996 1426 2075 antecessit,

264 2107 299 2170 id
334 2106 519 2190 opponitur,
554 2105 638 2187 quod
672 2105 813 2188 proxime
846 2105 1020 2170 insecutum
1054 2111 1109 2170 est.
1159 2106 1296 2170 Annon
1325 2106 1428 2190 primo

167 2273 171 2287 ,
266 2219 402 2282 maxime
423 2217 509 2280 exilii
531 2221 674 2300 tempore
691 2215 822 2280 Ovidius
846 2216 939 2278 amici
962 2215 1072 2280 solatio
1097 2215 1225 2297 egebat?
1240 2253 1282 2266 -
1306 2216 1430 2282 Deinde

264 2349 386 2414 poenae
411 2347 506 2392 causa
528 2326 733 2408 significatur,
765 2326 956 2409 crimenque,
985 2327 1087 2410 quoad
1114 2325 1182 2392 lieri
1218 2333 1340 2413 potest,
1374 2348 1427 2392 ex·

268 2445 397 2504 cusator
430 2443 497 2522 (vv.
528 2437 692 2520 19-24).
751 2437 794 2500 At
830 2456 963 2520 quonam
1001 2443 1141 2522 tempore
1177 2443 1289 2524 poetae
1326 2439 1431 2519 magis

267 2550 360 2635 culpa
394 2548 543 2614 diluenda
576 2556 658 2629 erat,
694 2569 803 2632 quam,
839 2567 909 2612 cum
942 2549 1079 2632 primum
1112 2553 1198 2614 tanta
1229 2550 1430 2634 imperatoris

268 2664 315 2726 ira
345 2661 484 2742 cognita,
519 2661 612 2724 inscii
647 2679 664 2724 e
692 2679 811 2744 poenae
840 2659 1053 2741 magnitudine
1080 2660 1207 2726 sceleris
1235 2661 1428 2726 atrocitatem

268 2773 472 2837 metirentur?
519 2765 667 2852 Accedit,
706 2769 789 2854 quod
826 2769 878 2835 hio
910 2791 1033 2854 quoque
1067 2770 1233 2836 crudorum
1267 2771 1429 2836 vulnerum

269 2885 395 2964 imagno
422 2882 475 2947 illa
501 2884 648 2964 recurrit,
679 2903 771 2966 quum
800 2901 896 2966 supra
918 2882 950 2945 in
973 2881 1107 2966 epistola
1128 2881 1157 2962 l,
1180 2883 1215 2964 3,
1244 2882 1283 2947 ad
1306 2889 1432 2968 tempus

267 2996 417 3060 carminis
440 2995 695 3061 constituendum
719 2992 920 3058 adhibuimus
942 3014 970 3059 v.
987 2994 1028 3058 23
1043 3013 1104 3076 sq.:

420 3107 658 3186 Quraliaounque
680 3107 774 3168 modo
797 3106 876 3168 milri
899 3107 964 3169 sint
986 3123 1023 3168 ea
1043 3105 1136 3183 facta,
1159 3123 1269 3184 rogare

470 3217 594 3280 llesine.
640 3215 710 3280 Nou
734 3217 854 3295 agites,
869 3217 962 3296 siqua
984 3221 1065 3278 coire
1086 3214 1179 3278 velis!

358 3327 502 3411 Denique
530 3331 635 3391 cetera
661 3327 808 3390 carminis
829 3331 918 3409 parte
941 3330 1035 3410 poete
1055 3325 1219 3410 profitetur
1241 3346 1275 3392 se
1299 3325 1429 3392 multum

269 3440 379 3503 veniae
407 3459 495 3522 spem
525 3439 555 3501 in
586 3437 724 3501 bonitate
752 3439 794 3519 (v.
817 3437 873 3517 45)
902 3435 952 3499 dei
985 3453 1118 3519 ponere,
1153 3455 1215 3520 qua
1248 3455 1304 3522 spe
1328 3438 1430 3502 etiam

171 3579 172 3583 ¹
268 3550 441 3634 impeditus
465 3550 521 3629 sit,
552 3549 720 3632 quominus
744 3547 847 3612 statim
871 3565 984 3612 munus
1006 3545 1068 3611 sibi
1090 3547 1227 3614 inferret.
1273 3547 1306 3613 ln
1328 3549 1433 3634 primo

268 3661 364 3742 igitur
391 3658 579 3724 calamitatis
607 3665 749 3743 tempore
765 3663 888 3743 poetae
911 3677 1000 3734 mens
1021 3662 1089 3724 tota
1111 3665 1327 3726 commoratur.
1373 3657 1433 3725 Sin

267 3772 328 3835 iam
358 3771 412 3834 diu
439 3769 566 3833 exilium
593 3768 735 3852 tulisset,
770 3767 937 3833 dicendum
966 3769 997 3833 ei
1024 3774 1105 3851 erat,
1140 3790 1174 3835 se
1201 3769 1339 3856 illaspe
1367 3789 1431 3836 non

269 3881 369 3946 solum
393 3881 655 3964 eprimeanimi
677 3878 911 3964 perturbatione
926 3879 1156 3960 *resurrexisse
1179 3880 1235 3946 sed
1258 3881 1351 3949 mum
1374 3901 1436 3966 per

268 3991 391 4073 longam
419 3991 666 4074 continuumque
698 3989 852 4056 malorum
880 3991 1000 4056 seriem·
1016 3995 1221 4056 sustentatum
1242 4011 1326 4058 esse.
1364 3991 1434 4056 lure

269 4102 371 4188 plorat
397 4108 502 4167 autem
531 4101 677 4167 Graecini
705 4100 854 4166 auxilium
883 4101 962 4166 adeo
989 4121 1052 4166 non
1088 4102 1178 4168 auxie
1205 4104 1255 4167 vel
1286 4101 1436 4187 sollicitq

221 4255 224 4260 -
268 4223 303 4280 ut
326 4216 430 4280 irritas
453 4230 564 4300 preces
588 4214 690 4280 adhuc
712 4213 843 4278 omnino
864 4212 969 4278 nullas·
989 4213 1103 4279 iecisse
1126 4212 1278 4281 uideatur.
