3184 5008
762 409 968 476 ...58-

285 609 344 679 psr
365 594 521 676 insignem
544 593 738 661 nobrlitatem
771 599 804 662 e't
831 573 1301 682 eloquentiampraecellebat.”
1346 596 1441 678 (Anu.

293 703 344 786 lii,
358 697 564 788 tell-Cum
588 705 637 772 his
660 713 774 788 autem,
798 722 877 791 quae
899 707 942 772 de
959 701 999 774 n.
1023 705 1112 772 lunio
1134 705 1242 772 Sileno
1264 712 1337 772 nota
1360 709 1466 785 suut,-

292 835 329 880 ea
352 836 431 899 quae
453 816 492 882 de
506 815 603 883 Bruto
619 815 723 901 colligi
745 823 889 904 possunt,
913 817 1043 882 minima
1064 819 1187 883 tautum
1210 837 1248 883 ex
1262 824 1350 904 perte
1366 830 1440 882 con·

285 934 413 1009 gruunt.
458 927 654 1014 Quamquam
678 929 857 1014 eloquentia
878 928 911 994 in
945 937 1077 1013 utroque
1110 927 1244 1010 insignis
1267 927 1334 992 luit.
1379 920 1443 991 Sed

291 1046 366 1121 quot
388 1045 525 1105 oratores
549 1039 648 1106 Roma
668 1039 723 1105 iila
745 1045 847 1106 aetate
868 1039 954 1105 tuliti
997 1039 1161 1106 Rationem
1185 1046 1287 1104 eutem
1307 1037 1444 1122 aliquam

286 1130 503 1216 intercessisse
534 1151 618 1216 inter
651 1150 757 1216 Ovidii
793 1150 916 1236 culpam
949 1149 1112 1234 scelusque
1148 1150 1233 1216 inter
1269 1148 1308 1215 u.
1346 1147 1444 1212 Silani

288 1259 414 1324 fratrem
439 1259 610 1345 luiiemque
633 1277 808 1341 commuue,
831 1261 876 1326 ita
898 1267 932 1326 ut
953 1262 1196 1347 perspiceretur,
1233 1279 1289 1325 cur
1312 1255 1442 1324 Ovidius

290 1369 401 1434 hunc
393 1390 498 1455 ipsum
531 1372 643 1437 virum
666 1390 729 1436 non
761 1377 853 1436 antea
879 1389 971 1455 quam
994 1373 1158 1453 Augustus
1181 1376 1323 1436 mortuus
1347 1373 1443 1451 ess'et,

288 1481 431 1564 adiisset,
475 1487 591 1547 temere
624 1479 816 1548 Woeliielius
850 1485 893 1567 (p
928 1481 1026 1565 2188)
1059 1481 1099 1546 od
1131 1481 1320 1548 sententiam
1355 1498 1444 1546 suam

207 1612 211 1618 ·
290 1591 533 1657 confirmandam
567 1590 718 1680 protulit.
750 1591 827 1657 Nam
862 1612 954 1658 nemo
987 1612 1124 1676 unquam
1159 1591 1197 1658 de
1220 1589 1324 1657 Ovidii
1353 1591 1446 1676 culpa

288 1709 352 1766 tam
377 1708 507 1767 certum·
518 1703 668 1768 indicium
691 1701 794 1768 facere
814 1704 942 1788 poterit,
958 1707 993 1767 ut
1012 1701 1086 1767 inde
1102 1699 1304 1768 coniectando
1320 1700 1444 1782 longius

290 1813 460 1898 procedere
493 1813 622 1897 licead).
677 1813 785 1898 Neque
819 1812 918 1896 magis
941 1813 1120 1896 borentzio,
1156 1813 1209 1897 qui
1243 1814 1286 1898 (p
1311 1813 1352 1878 38
1380 1815 1442 1896 sq.)

293 1924 413 1990 maiore
435 1943 531 2009 opero
553 1921 716 1990 Woelffelii
740 1915 924 1990 sententiam
948 1923 1115 1990 defendere
1138 1925 1288 2009 suscepit,
1312 1923 1440 1988 idoneas

290 2035 427 2100 rationes
450 2033 601 2117 indagare
623 2036 764 2117 contigit.
796 2035 885 2116 Vide,
902 2055 981 2119 quae
997 2035 1036 2100 de
1053 2035 1149 2100 Bruto
1165 2033 1267 2100 affert:
1285 2051 1441 2118 „...eum

286 2145 397 2210 intima
418 2145 633 2210 familiaritate
656 2163 725 2210 cum
749 2145 884 2226 Augusti
907 2145 1223 2211 domo-coniunctum
1247 2145 1345 2210 fuisse
1361 2143 1441 2208 mul-

284 2263 416 2339 tumque
449 2257 532 2341 apud
566 2255 653 2320 illurn
690 2255 837 2337 volume,
875 2255 1074 2321 manifestum
1103 2264 1159 2321 est.
1203 2255 1239 2321 ld
1261 2255 1344 2320 enim
1368 2256 1443 2319 satis

288 2371 420 2450 apparet
452 2386 489 2432 ex
522 2385 598 2431 sono
634 2375 664 2431 et
696 2367 800 2447 modo,
836 2387 896 2451 quo
920 2366 1051 2433 Ovidius
1079 2367 1112 2433 iu
1135 2365 1276 2453 epistolis
1300 2366 1338 2431 ed
1363 2366 1446 2430 hunc

292 2477 426 2542 amicum
449 2478 598 2562 seriptis.
621 2476 732 2544 ...de
755 2477 942 2562 imperatore
965 2485 995 2543 et
1016 2483 1107 2559 geute
1130 2477 1208 2542 iulia
1235 2477 1341 2544 dicit.''
1363 2476 1441 2542 Soui

291 2595 392 2650 autern
418 2595 448 2652 et
470 2587 555 2652 modi
578 2586 661 2652 illius
685 2586 859 2672 exemplum
884 2587 1173 2654 manifestissimum
1196 2589 1353 2654 existimat
1375 2605 1445 2654 esse

288 2715 336 2763 vv.
362 2697 385 2776 l,
411 2701 440 2778 1,
464 2697 506 2761 45
528 2713 611 2781 sqq:

427 2810 492 2904 En,
516 2829 572 2889 ego
595 2829 651 2890 pro
674 2812 769 2874 sistro
792 2811 982 2892 Phrygiique
1004 2814 1156 2876 foramine
1178 2814 1258 2876 buxi

490 2921 599 2985 Gentis
622 2921 727 2985 Iuleae
749 2924 879 2985 nomino
901 2928 1011 2987 sancte
1033 2926 1107 2988 iero.

438 3031 601 3095 Vaticinar
622 3051 806 3112 moneoque,
829 3034 934 3096 locum
958 3035 1030 3097 date
1053 3051 1142 3097 secra
1163 3031 1287 3098 ferenti!

488 3143 557 3206 Non
580 3143 668 3221 mihi,
692 3144 747 3206 sed
769 3163 883 3222 magno
907 3146 1049 3224 poscitur
1069 3145 1123 3206 ilie
1146 3145 1212 3207 deo.

371 3251 435 3316 Sed
457 3253 593 3337 primum
616 3255 793 3337 ubicunque
816 3256 949 3336 Augusti
972 3257 1137 3338 gentisque
1153 3254 1248 3319 lulius
1265 3253 1380 3318 mentio
1396 3253 1442 3334 dt,

291 3362 367 3427 talia
388 3353 543 3444 leguntur,
576 3371 642 3428 tum
675 3364 709 3428 in
743 3363 800 3428 hac
826 3367 897 3449 ipse
919 3362 1053 3449 epistola
1074 3385 1164 3430 suum
1186 3364 1289 3430 locum
1313 3365 1440 3446 habeut,

293 3491 363 3539 cum
387 3479 482 3558 poeta
504 3474 670 3540 ostendere
693 3476 779 3555 velit,
814 3495 875 3560 quo
908 3477 975 3541 iure
998 3475 1243 3542 benevolentiam
1266 3475 1355 3541 libris
1379 3475 1445 3540 suis

291 3589 448 3669 exposcat.
494 3583 715 3651 Familaritutis
739 3592 855 3667 autem,
879 3605 959 3670 quae
981 3587 1194 3652 intercesserit
1215 3587 1298 3651 inter
1314 3586 1443 3650 Brutum

288 3701 429 3760 nostrum
470 3702 501 3759 et
522 3697 655 3775 Augusti
691 3696 829 3778 domum,
860 3681 900 3762 xin
923 3696 1064 3782 epistolis
1088 3697 1232 3780 equidem
1255 3697 1373 3763 nullum
1397 3696 1446 3760 in·

287 3807 378 3871 venio
401 3807 577 3888 vestigium.
621 3807 701 3873 Nam
722 3808 754 3872 in
780 3807 901 3873 duabus
926 3809 1085 3894 prioribus
1108 3808 1200 3892 plane
1230 3806 1447 3874 desiderantur

287 3934 397 4002 preces
430 3917 512 3998 illae,
551 3918 665 4003 quibus
700 3917 832 3984 Ovidius
863 3915 995 3985 Fabium
1019 3919 1199 4000 Maximum,
1242 3919 1445 3985 Messalinum

289 4026 430 4112 aliosque
452 4028 574 4094 nobiles
601 4029 719 4094 amicos
741 4029 907 4110 'fatigavit
944 4037 979 4095 ut
1008 4032 1142 4113 Augusti
1165 4031 1362 4096 clementiam
1386 4031 1445 4095 im·

286 4194 488 4204 ————

357 4285 378 4350 ι)
398 4285 620 4339 Dissertationern
638 4299 723 4354 nuper
740 4284 847 4355 Lipsiae
866 4286 979 4341 editam:
998 4287 1027 4344 E.
1046 4285 1143 4357 Appel:
1164 4283 1284 4353 ,Quibus
1302 4285 1335 4340 do
1353 4287 1442 4340 causis
1567 4333 1568 4338 ,

290 4377 402 4434 Ovidius
423 4377 456 4432 ab
474 4377 597 4447 Augusto
615 4377 752 4447 relegatus
770 4379 822 4433 sit'’
839 4381 971 4449 inspicere
989 4380 1054 4434 mihi
1071 4393 1126 4434 nou
1145 4379 1262 4435 obvenit.
