3184 5008
642 322 646 340 ·
752 293 960 364 -48'-

273 487 369 568 igitur
385 487 591 553 verisimilius
611 494 668 571 est,
693 488 726 552 id
748 495 871 574 tempus
895 489 1077 570 signidem,
1102 490 1185 573 quod
1209 490 1316 555 Tomis
1340 490 1432 571 degit,

271 598 317 662 ita
339 603 373 661 ut
394 604 505 695 posset
528 598 677 684 epistolas
700 600 854 684 tempere,
879 619 971 682 quem
994 600 1028 664 id
1051 600 1140 666 euius
1164 601 1269 685 priore
1291 601 1434 685 partein

270 707 382 773 itinere
409 709 489 774 luit?
516 708 557 774 ‘ln
584 711 656 794 ipso
685 711 769 774 enim
796 710 909 777 itinere
939 730 1008 775 eum
1037 712 1089 774 uix
1117 710 1266 795 epistolas
1293 713 1434 796 arripere

271 820 415 902 potuisse
432 839 528 905 supra
544 821 719 904 expositum
744 828 800 888 ost.
835 819 924 886 Unde
947 828 1201 906 consequeretur,
1225 829 1348 907 poetam
1371 823 1433 888 iam

248 934 249 937 ’
271 936 343 994 ante
367 929 440 994 ldus
457 929 644 996 Februarias
662 931 778 997 Tomos
798 933 934 1015 venisse,
958 933 1040 1016 quod
1065 938 1241 998 antee‘non
1262 910 1354 1018 plane
1377 951 1433 1016 pro

270 1047 354 1105 nerto
390 1039 545 1106 affirmare
576 1040 673 1108 liouit.
719 1041 783 1108 Sed
809 1063 849 1107 ue
878 1043 935 1108 bae
958 1043 1082 1127 quidem
1111 1044 1352 1109 ratioeinatione
1384 1063 1434 1107 res

272 1151 445 1220 eonfioitur.
473 1153 550 1217 Nam
571 1153 676 1237 potuit
697 1160 801 1238 potita,
825 1174 885 1238 quo
908 1163 1059 1234 augeatur
1081 1155 1173 1220 amioi
1195 1153 1280 1226 illins
1303 1155 1433 1234 crimen,

270 1284 303 1328 re
326 1283 402 1328 vera
422 1264 548 1328 itineris
571 1270 695 1348 tempus
719 1267 852 1330 edicere.

357 1374 414 1438 Sin
439 1394 507 1438 oum
525 1373 655 1440 Loersio
673 1377 717 1460 (p.
736 1377 776 1440 10
791 1377 851 1459 sq.)
875 1382 906 1440 et
927 1377 966 1440 de
989 1376 1056 1441 solo
1072 1375 1274 1442 habitationis
1291 1389 1433 1462 tempore

164 1520 167 1526 ·
217 1569 219 1574 Ι
272 1483 471 1566 rogitandum
496 1505 576 1564 esse,
601 1495 631 1551 et
654 1491 778 1570 petitam
802 1486 908 1552 adulto
930 1486 1055 1572 demum
1076 1507 1149 1552 vere
1164 1489 1238 1553 anni
1257 1488 1376 1561 763710
1398 1488 1431 1551 in

272 1595 434 1680 Scythiam
463 1598 588 1662 venisse
611 1604 837 1680 statueremus,
867 1599 1045 1664 necessario
1069 1599 1294 1664 deduceremur
1316 1599 1356 1662 ad
1381 1619 1434 1663 ver

273 1709 506 1791 0001131766,
541 1728 602 1792 quo
635 1729 698 1773 non
732 1728 824 1794 posse
857 1711 1015 1794 pertinere
1053 1729 1079 1777 e.
1097 1708 1298 1790 Trist.lV,l
1331 1711 1435 1793 quivis

269 1818 432 1900 intellegit.
466 1819 617 1885 Videmus
640 1820 736 1902 igitur
758 1819 922 1885 Loersium
947 1822 1036 1904 quasi
1052 1822 1190 1903 fortuito,
1215 1821 1431 1887 itineratione

269 1949 372 2011 usum,
396 1931 435 1996 ad
459 1951 564 1995 verum
589 1933 780 2016 pervenisse.

356 2044 467 2108 Cetera
490 2045 591 2126 quarti
614 2044 686 2109 libri
709 2045 848 2109 earmina
870 2052 1047 2129 temporum
1072 2044 1198 2110 indiciis
1223 2053 1346 2127 carent,
1370 2044 1434 2109 nisi

269 2159 352 2242 quod
385 2158 418 2222 in
453 2165 562 2222 oetava
597 2165 627 2222 et
659 2157 780 2222 decima
806 2157 852 2222 ¹de
885 2158 1112 2241 quinquaginta
1138 2157 1230 2221 annis
1253 2163 1324 2221 ante
1348 2155 1434 2219 exilii

268 2274 391 2353 tempus
415 2269 550 2353 peraotis
574 2270 690 2334 mentio
713 2268 757 2334 111.
1302 2329 1306 2336 .

353 2378 495 2444 Pertinet
516 2380 612 2460 igitur
633 2378 716 2444 liber
738 2399 837 2464 usque
858 2379 897 2443 ad
915 2379 1026 2444 hiemis
1043 2379 1206 2443 minimum
1222 2377 1315 2442 finem
1333 2397 1432 2442 anuo·

269 2510 335 2555 rum
363 2493 463 2563 11112.

353 2711 386 2776 lu
414 2712 487 2777 libri
517 2713 617 2797 quinti
646 2712 837 2778 terminibus
866 2732 978 2777 novem
1001 2711 1161 2798 prioribus
1183 2729 1285 2796 perrea
1307 2716 1425 2774 tantum

268 2824 540 2890 animadversione
563 2825 658 2906 digna
680 2832 762 2891 eunt.
806 2825 875 2890 Non
899 2823 995 2890 semel
1017 2825 1056 2889 de
1079 2844 1112 2888 se
1135 2824 1204 2908 ipso
1228 2827 1321 2908 poeta
1338 2841 1428 2906 prae·

271 2935 365 3017 dicat,
390 2936 451 3000 iam
475 2957 509 3002 se
530 2935 708 3002 assuevisse
724 2936 809 3002 eaelo
825 2935 909 3002 illius
925 2936 1062 3017 regionis
1079 2937 1124 3019 (2,
1141 2933 1428 3018 3000110101]-

267 3066 326 3129 que
361 3046 503 3112 Getieam
536 3049 598 3114 iam
633 3047 850 3130 (111110100017,
878 3049 920 3113 ’ὁό
947 3049 1009 3132 sq.)
1063 3046 1139 3111 Dies
1174 3051 1276 3110 autem
1305 3043 1427 3108 Baeoho

264 3179 362 3225 saner,
388 3179 414 3226 a.
432 3157 461 3224 d.
478 3158 549 3224 XVI
566 3158 629 3225 Cel.
649 3160 725 3244 Apr.
740 3158 912 3225 celebratus
936 3161 987 3243 (ol.
1004 3155 1088 3222 Fast.
1104 3155 1157 3238 lll,
1174 3157 1236 3222 713
1253 3157 1349 3240 sqq),
1372 3155 1427 3238 qui

266 3277 529 3338 commemoratur
552 3271 689 3336 earmine
712 3271 805 3336 tertio
829 3289 911 3334 anno
929 3268 1043 3340 121765
1066 3268 1135 3333 sine
1157 3267 1220 3332 ulle
1242 3265 1426 3332 difficultate

141 3386 155 3400 ⁸
267 3383 458 3451 attribuitur.
497 3382 587 3460 Quod
617 3381 773 3466 quomodo
799 3380 965 3446 Massonus
987 3399 1113 3462 quoque
1134 3378 1268 3464 probare
1290 3378 1428 3464 potuerit

264 3495 329 3580 (ad.
346 3513 418 3562 ann.
433 3493 503 3577 llll,
528 3495 577 3578 1),
607 3494 723 3580 quippe
752 3493 805 3577 qui
834 3490 997 3578 epistolam
1026 3489 1179 3556 decimam
1207 3489 1247 3554 ed
1271 3489 1425 3574 „hiemem

262 3606 355 3672 buius
379 3605 518 3672 ineuntis
541 3606 635 3670 anni'’
660 3605 771 3687 refert,
794 3623 857 3668 non
880 3600 1043 3683 intellego,
1065 3601 1128 3666 nisi
1146 3601 1225 3665 torte
1248 3606 1425 3684 temporum

264 3717 406 3784 ordinem
429 3717 586 3783 turbatum
611 3715 776 3781 existimat.
795 3751 838 3762 --
853 3713 887 3779 ln
910 3719 1021 3796 quarto
1044 3719 1149 3778 autem
1172 3711 1310 3797 earmina
1327 3709 1425 3774 Bren-

264 3829 372 3896 desius
401 3827 512 3920 eodem
542 3827 620 3892 falso
648 3823 856 3891 ratiocinandi
884 3824 978 3890 modo
1003 3845 1080 3890 usus
1108 3827 1173 3906 est,
1204 3841 1265 3906 qun
1289 3823 1351 3918 iam
1375 3819 1424 3885 bis

263 3941 478 4026 quaestionem
503 3939 542 4004 ab
563 3957 601 4003 eo
624 3937 778 4003 turbatam
794 3953 865 4002 esee
881 3934 1018 4002 vidimus
1035 3933 1100 4020 (Ill,
1117 3937 1136 3999 1
1153 3939 1184 3998 01
1201 3931 1251 4014 111,
1269 3932 1311 4015 8).
1346 3929 1423 3996 Nam

261 4071 330 4118 eum
354 4054 387 4116 in
410 4069 436 4116 0.
447 4047 498 4116 IV.
514 4049 627 4114 hiemis
640 4049 830 4114 mentionem
841 4047 910 4112 fieri
922 4046 1085 4112 mutendlt
1098 4047 1143 4130 (p.
1156 4044 1233 4110 350:
1249 4042 1357 4108 Hiems
1370 4039 1423 4124 lll)

260 4182 324 4227 non
347 4167 451 4248 potest
472 4159 650 4245 respexisse
668 4159 730 4225 nisi
754 4159 793 4224 ad
816 4179 864 4224 vv.
884 4159 900 4223 7
920 4177 1004 4243 sqq:
1430 4155 1432 4160 ’
