3178 5018
664 368 872 431 -ue-

181 552 332 637 triumphi
355 552 617 638 descriptionem
661 553 811 638 obliquae
851 554 1002 620 orationis
1039 557 1139 622 forma
1175 556 1248 621 huic
1285 556 1348 641 ipsi

181 663 333 750 epistolae
355 666 575 750 insertamtv.
593 668 627 730 21
648 668 741 750 squ).

265 774 328 840 Sed
362 775 529 840 Schulzius
559 778 603 861 (p.
620 779 661 841 22
689 778 771 861 sqq.)
799 775 857 840 huo
892 777 1100 843 ratiocinandi
1134 777 1185 842 via
1210 778 1347 860 longius,

184 905 276 970 quum
300 896 385 950 recto
405 885 484 950 dissi
512 892 628 971 potest,
663 906 850 972 progressus
874 893 932 953 est.
976 887 1054 952 Nam
1079 888 1228 974 epistolas
1252 888 1304 972 ill,
1329 893 1346 954 1

184 1004 214 1062 et
235 997 287 1078 ΙΙΙ,
311 999 331 1061 3
361 997 479 1081 ‚quibus
502 991 597 1083 potia
618 1017 746 1064 uxorem
770 997 1181 1083 Fabiumque‘adhortatur,
1205 1006 1239 1065 ut
1266 1005 1347 1067 tem-

182 1129 259 1194 pore
282 1116 412 1194 propter
431 1109 625 1194 triumphum
642 1109 789 1194 precibus
806 1109 970 1195 aptissimo
987 1117 1124 1194 utantur,
1149 1119 1222 1178 ante
1235 1113 1347 1177 trium-

181 1220 278 1306 phum
313 1225 417 1290 actum
440 1219 570 1286 Romam
603 1205 718 1285 missas
752 1241 822 1286 esse
856 1221 1026 1304 contendit,
1058 1223 1113 1288 sed
1136 1243 1172 1288 eo
1195 1229 1347 1308 tempore,

184 1351 244 1414 quo
268 1331 460 1417 triumphum
495 1335 597 1396 actum
626 1331 666 1395 iri
688 1331 750 1416 ium
775 1333 890 1397 certior
912 1334 1012 1398 factus
1037 1339 1129 1412 osset.
1174 1333 1251 1398 Nam
1277 1353 1347 1425 cup]

186 1441 224 1508 de
247 1441 406 1527 triumpho
430 1463 464 1506 re
487 1461 561 1506 vera
583 1441 738 1507 celebrato
763 1463 832 1508 sero
856 1445 979 1508 demum
1002 1445 1145 1510 nuntium
1162 1446 1347 1530 accepisset,

185 1571 249 1616 non
283 1553 394 1637 potuit,
430 1551 571 1618 Schulzii
595 1554 720 1638 quidem
751 1555 918 1636 sententia,
942 1561 1007 1621 tum
1032 1557 1157 1621 demum
1179 1554 1255 1621 talia
1277 1556 1348 1622 illos

184 1664 363 1746 admonere,
398 1665 469 1750 ipsa
501 1665 650 1730 exorandi
683 1667 883 1750 imperatoris
918 1668 1083 1732 occasione
1117 1668 1178 1732 iam
1202 1673 1346 1753 praeter·

182 1775 279 1860 lapsa.
326 1775 395 1854 Qua
417 1777 456 1841 de
480 1796 574 1841 causa
597 1774 761 1842 Sohulzius
786 1780 829 1861 (p.
849 1778 903 1862 24)
927 1778 1011 1844 huno
1034 1779 1237 1864 epistolarum
1261 1779 1346 1844 ordi·

166 1907 252 1952 :nem
277 1886 339 1951 sibi
363 1887 528 1952 confinxit:
553 1938 580 1971 „.
605 1940 611 1954 .
637 1939 644 1953 .
669 1940 677 1954 .
701 1886 816 1969 elegias
841 1887 877 1971 il,
903 1891 932 1970 1,
956 1888 993 1972 ΙΙ,
1016 1891 1048 1972 5,
1072 1889 1123 1973 Ill,
1146 1892 1168 1954 4
1190 1911 1252 1956 uon
1277 1897 1348 1958 ante

168 2017 235 2063 -ver
259 1997 399 2063 eiusdem
429 2001 572 2084 (13l766)
596 1998 681 2082 anni,
706 1998 798 2084 paulo
825 2000 914 2084 prius
936 2000 974 2082 ΙΙ,
999 2005 1028 2083 2,
1052 2003 1180 2068 ineunte
1202 2002 1347 2068 Ianuario

168 2107 233 2192 ΙΙΙΙ,
257 2112 288 2192 3,
312 2127 421 2176 mense
443 2110 612 2177 Decembri
636 2111 658 2194 Ι,
683 2116 702 2178 2
725 2112 882 2176 confectas
907 2131 976 2178 osse
998 2119 1242 2178 consentaneum
1269 2114 1347 2180 est.”

185 2219 367 2290 secretum
392 2221 461 2286 eius
484 2222 661 2288 aediticium
686 2223 821 2288 diruitur
845 2223 893 2288 his
916 2224 1091 2290 rationibus
1114 2225 1280 2290 adhibitis:

266 2330 407 2396 Primum
431 2353 507 2399 sane
523 2335 638 2399 mirum
657 2341 751 2414 esset,
776 2335 814 2416 si,
838 2335 1051 2400 utSohulzius
1068 2337 1229 2420 proponit,
1253 2341 1348 2420 poeta

181 2443 220 2508 de
255 2443 413 2529 triumpho
448 2445 568 2526 agendo
603 2451 724 2510 mature
757 2441 902 2510 nuntium
936 2447 1121 2531 accepisset,
1146 2447 1185 2511 do
1207 2447 1278 2532 ipsa
1300 2467 1345 2530 re,

182 2555 277 2620 tantis
311 2555 413 2638 vulgi,
446 2555 597 2621 nobilium
632 2557 807 2639 hominum,
848 2563 1010 2642 potiturum
1048 2558 1161 2624 studiis
1196 2559 1351 2624 celebrata

182 2687 251 2732 sero
274 2670 408 2749 tantum,
432 2687 533 2751 neque
557 2667 699 2752 epistolis
724 2669 780 2733 sed
796 2669 880 2734 tuma
896 2669 1025 2748 edoctus
1040 2676 1133 2735 esset.
1169 2669 1346 2747 Quodnum
1385 2702 1407 2752 χ

184 2776 308 2842 silentio
332 2798 402 2842 eum
427 2778 722 2862 praetermissurum
744 2780 843 2844 fuisse
867 2781 1062 2844 statuamus?
1084 2780 1229 2844 ·--Tum
1254 2801 1347 2860 argu-

180 2893 320 2954 mentum
353 2887 542 2952 aSchulzio
577 2888 702 2952 aliatum
739 2889 817 2954 nihii
845 2890 935 2954 valet.
981 2890 1195 2983 Nampottee
1219 2891 1346 2974 uiridem

182 3001 339 3064 sententia
370 3000 461 3064 etiam
496 3005 571 3084 post
603 3001 746 3064 nuntium
780 3009 944 3085 acceptum
969 3009 1093 3086 tempus
1117 3008 1224 3086 aptum
1248 3003 1349 3068 fuisse

183 3111 341 3196 precibus,
367 3109 466 3192 elegia
488 3110 525 3190 ll,
550 3115 569 3175 2
593 3111 725 3196 docet1),
749 3114 846 3196 inqua
868 3113 984 3194 legitur
1004 3134 1033 3178 v.
1057 3115 1113 3178 69:

333 3222 472 3304 Tempus
495 3226 588 3290 adest
610 3228 720 3305 aptum
742 3227 891 3306 precibus
914 3273 921 3288 .
942 3275 953 3289 ,
978 3275 984 3290 .

176 3351 374 3415 *quamquam
396 3333 588 3419 triumphurn
619 3335 681 3399 iam
709 3343 811 3398 antrum
836 3337 907 3402 esse
930 3336 1106 3400 declaratur
1128 3335 1232 3400 verbis
1256 3357 1284 3402 v.
1310 3339 1349 3401 tu

333 3445 423 3512 nude
446 3447 661 3526 triumphatos
684 3448 778 3509 modo
802 3447 943 3512 Paeonas
967 3498 973 3511 .
998 3499 1005 3512 .
1031 3499 1037 3511 .

268 3666 399 3732 Videtur
431 3675 534 3732 autem
559 3667 724 3734 S'chulnius
758 3669 893 3734 maxime
925 3668 1072 3735 inductus
1106 3691 1176 3736 esre
1205 3670 1347 3737 instandi

184 3778 295 3843 verbo:
320 3830 347 3862 „.
373 3832 380 3845 .
405 3829 412 3842 .
435 3784 561 3863 tempus
584 3779 667 3863 quod
691 3780 871 3865 quaerimus
894 3780 1008 3845 instat”
1031 3779 1096 3865 (lii,
1119 3781 1150 3864 3,
1175 3782 1239 3866 85).
1285 3782 1349 3848 Sed

185 3908 248 3976 non
285 3889 323 3954 de
356 3891 459 3955 futuro
493 3897 635 3975 tempore
665 3891 813 3956 hocloco
837 3892 898 3974 ugi,
922 3892 982 3956 iam
1008 3891 1084 3958 setis
1108 3892 1182 3958 inde
1205 3899 1348 3978 apparet,

186 4002 267 4085 quod
291 4000 406 4066 dicitur
423 4023 450 4065 v.
475 4004 530 4067 86:

336 4114 519 4194 Cunctaque
541 4116 683 4179 laetitiae
706 4119 801 4198 plena
822 4117 1005 4196 triumphus
1028 4115 1145 4182 habet.

182 4267 366 4278 ..ιω-ηιμ-.-

252 4350 277 4419 2)
296 4352 337 4406 De
355 4369 409 4423 qua
427 4351 492 4422 quid
510 4353 611 4406 sentiat
629 4353 770 4408 Schnlnius
789 4370 803 4407 e
820 4353 909 4408 uerbis
928 4355 984 4408 eius
1004 4370 1059 4408 non
1075 4353 1157 4425 plane
1177 4355 1351 4425 perspicitur.
