3184 5008
628 383 856 448 zar-

181 567 256 650 quio
283 568 362 652 ipsis
380 567 488 633 Tomis
505 569 564 634 orti
582 570 655 650 sint,
679 569 810 636 dubium
829 589 892 634 non
908 576 965 635 est.
1000 570 1140 650 Quorum
1156 577 1299 656 tempora
1313 572 1347 636 iu

178 679 362 751 uniuersum
392 699 456 743 unu
483 679 655 764 eademque
678 681 886 746 ratiocinandi
909 682 961 744 via
983 671 1184 751 deliniuntur.
1229 681 1347 767 Nempe
1373 686 1376 702 ‘

175 789 322 854 horarum
347 790 487 872 vicibus,
520 811 597 874 quas
622 791 755 857 Ovidius
779 791 1021 872 diligentissime
1043 793 1261 877 persequitur,
1290 813 1348 877 per

175 899 318 981 singulos
336 921 436 966 annos
453 902 641 985 distributis,
665 900 815 968 librorum
832 909 975 986 tempora
990 903 1134 968 terminis
1150 903 1228 968 satis
1252 904 1346 968 certis

174 1011 485 1078 circumscribuntur.
527 1011 601 1080 ·Sed
634 1033 672 1077 no
700 1013 751 1077 hic
780 1013 906 1096 quidem
936 1014 1038 1078 omnis
1069 1012 1225 1078 dubitatio
1253 1013 1344 1098 plane
1434 1007 1437 1012 ’

173 1131 298 1186 remota
325 1131 381 1190 est.
428 1123 515 1200 Quae
542 1126 625 1188 enim
656 1123 771 1190 totiens
800 1124 1001 1207 conqueritur
1028 1130 1121 1208 potita
1145 1123 1344 1191 dedecorum

173 1236 355 1318 asperitate,
381 1235 542 1322 bom-inum
558 1235 734 1315 ferocitate,
759 1236 798 1300 ad
814 1235 974 1300 rhetorum
991 1236 1093 1315 magis
1111 1255 1228 1300 morem
1243 1242 1344 1316 aucta,

173 1365 266 1428 quam
296 1345 335 1408 ad
359 1346 424 1409 reri
453 1343 594 1410 normam
624 1365 774 1430 expresso
800 1347 955 1412 videntur.
1000 1346 1093 1412 Velut
1115 1345 1256 1412 Histrum
1281 1365 1344 1412 non

173 1456 344 1538 quotannis
372 1457 417 1520 ita
445 1455 545 1537 glacio
569 1458 727 1542 opperiri,
756 1463 791 1522 ut
817 1457 916 1522 rheda
941 1458 1095 1541 equisque
1116 1457 1206 1522 traici
1230 1458 1343 1542 possit,

176 1567 248 1647 (cir.
282 1566 376 1633 Trist.
406 1567 464 1648 lll,
496 1571 551 1648 1‘2,
580 1570 622 1634 30
649 1570 740 1650 cett.)
774 1574 883 1633 nostra
915 1568 1042 1653 quidem
1075 1575 1176 1634 aetate
1212 1575 1345 1635 constat.

175 1676 344 1758 Regionem
374 1685 476 1743 autem
500 1677 584 1744 illam
608 1681 640 1744 in
658 1699 720 1762 qua
736 1679 826 1744 Tomi
850 1681 903 1744 siti
927 1686 1025 1759 erant,
1050 1699 1112 1746 non
1137 1679 1214 1744 adeo
1238 1680 1341 1744 omnis
1375 1676 1403 1708 '⁴¹

173 1791 287 1853 artium
307 1790 574 1874 humanitatisque
591 1790 693 1856 cultus
710 1791 845 1872 Augusti
869 1796 969 1856 aetate
993 1796 1153 1876 expertem
1178 1791 1286 1870 fuisso,
1311 1796 1346 1855 ut

174 1899 306 1966 Ovidius
320 1901 447 1966 credere
460 1919 518 1966 nos
531 1901 629 1979 iubet,
645 1921 681 1965 ex
698 1903 744 1965 eis
761 1902 907 1981 cognosci
929 1905 1046 1985 potest,
1065 1921 1145 1985 quae
1161 1921 1200 1966 no
1219 1908 1344 1966 centum

178 2011 305 2094 quidem
330 2013 400 2077 anis
423 2019 497 2096 post
518 2011 579 2076 Dio
604 2011 877 2095 chrysostomum)
901 2011 940 2075 de
964 2031 1000 2076 ea
1021 2012 1128 2078 tradit.
1153 2049 1186 2060 -·
1219 2013 1281 2076 sed
1306 2031 1343 2076 ea

176 2122 218 2186 de.
245 2143 342 2188 causa
362 2123 501 2190 locorum
527 2121 751 2188 Ouidianorum
777 2124 824 2187 vis
848 2127 880 2188 et
902 2143 978 2188 usus
1001 2143 1040 2186 ne
1065 2123 1194 2188 minima
1216 2121 1344 2206 quidem

176 2253 216 2298 ex
240 2243 329 2318 parte
352 2215 560 2298 imminuitur.
594 2234 674 2299 Nam
690 2234 764 2300 licet
778 2235 883 2300 omnia
899 2235 971 2300 licta
987 2234 1060 2316 siut,
1085 2253 1288 2317 quaecunque
1305 2233 1344 2298 de

174 2352 258 2409 terra
273 2345 400 2410 nivibus
417 2352 537 2430 operta,
562 2346 601 2410 de
617 2346 724 2413 Histro
740 2346 840 2428 glacie
860 2345 1002 2412 hostibus
1025 2351 1150 2430 pontem
1174 2344 1345 2433 praebente

174 2457 392 2540 proferuntur,
426 2465 530 2522 tamen
560 2477 630 2522 cum
659 2457 724 2523 veri
754 2458 891 2542 speciem
920 2457 1102 2538 adsumant,
1135 2456 1168 2520 in
1196 2455 1343 2520 horarum

173 2567 301 2650 quidem
336 2567 458 2632 vicibus
493 2569 722 2649 cognoscendis
756 2576 790 2634 ut
823 2569 956 2634 sinceris
989 2567 1180 2634 testimoniis
1214 2567 1260 2633 eis
1295 2567 1344 2631 uti
1372 2600 1374 2611 ‹

174 2697 354 2762 possumus.

190 2839 196 2846 ’
260 2845 356 2913 Liber
379 2857 481 2914 autem
504 2849 629 2932 tertiuS,
654 2856 689 2913 ut
709 2853 837 2934 praeter
860 2850 1031 2939 secumdum
1056 2869 1165 2914 omnes
1189 2848 1341 2913 Tristium

175 2957 260 3038 libri,
285 2961 448 3045 proprium
474 2959 567 3025 babet
589 2961 797 3045 prooemium,
822 2981 839 3024 e
863 2981 923 3043 quo
947 2960 979 3024 id
995 2965 1115 3024 tantum
1134 2959 1343 3040 cognoscitur,

175 3075 300 3154 potitam
326 3069 434 3136 Tomis
468 3074 530 3135 iam
566 3071 758 3136 domicilium
787 3070 948 3151 habuisse,
977 3089 1047 3135 cum
1072 3077 1104 3138 et
1127 3069 1251 3151 singula
1275 3089 1343 3133 car·

172 3181 258 3244 mina
284 3182 445 3263 conderet,
470 3190 500 3247 et
521 3182 554 3247 in
577 3181 651 3248 libri
676 3203 789 3268 corpus
814 3189 939 3263 cogeret
962 3201 989 3247 v.
1018 3181 1054 3244 18
1078 3201 1140 3264 sq:

325 3294 362 3356 ln
385 3314 449 3374 qua
471 3297 640 3376 scribebat,
664 3297 802 3358 barbara
823 3298 908 3358 terra
929 3294 1000 3357 tuit.
1124 3378 1126 3381 Ι

259 3403 321 3467 Sed
352 3419 493 3489 apertum
530 3412 589 3484 est,
626 3407 684 3470 boc
707 3425 829 3470 carmen
854 3404 923 3469 loco
947 3411 1081 3485 tantum,
1116 3423 1178 3466 non
1201 3409 1344 3487 tempore

54 3557 64 3570 .
174 3514 288 3578 ceteris
313 3517 507 3580 antecedere.

257 3623 291 3689 ln
316 3625 439 3691 duobus
463 3628 679 3711 sequentibus,
713 3647 793 3710 quae
827 3626 866 3693 ad
890 3626 1026 3692 hiemale
1049 3632 1173 3710 tempus
1197 3630 1340 3710 spectare

172 3735 365 3818 viderentur,
390 3758 486 3822 supra
509 3739 686 3822 expositum
711 3745 767 3804 est.
799 3735 906 3815 'Quae
929 3757 1116 3822 quamquam
1140 3755 1202 3801 non
1226 3741 1344 3800 tantam

173 3847 235 3910 vim
260 3847 387 3932 habent,
411 3857 446 3913 ut
469 3849 602 3913 hiemale
624 3856 749 3934 tompus
773 3849 841 3914 siue
864 3848 959 3914 dubio
989 3854 1208 3930 cognoscatur,
1237 3851 1345 3912 tamen

173 3957 208 4022 id
241 3957 332 4022 facile
367 3959 534 4041 evincitur,
573 3960 714 4025 carmina
748 3959 849 4045 primo
883 3966 1024 4045 tempore
1057 3966 1131 4023 nata
1153 3977 1235 4039 esse,
1260 3956 1344 4040 quod

172 4075 267 4156 poeta
290 4069 398 4135 Tomis
422 4071 518 4153 degit,
542 4077 577 4135 ut
599 4072 674 4136 inde
697 4071 878 4136 aMassono
894 4089 1004 4135 omnes
1021 4069 1230 4135 consentiunt.
1265 4067 1342 4132 Nam

173 4200 252 4265 quae
276 4182 354 4247 dicit
376 4187 481 4266 poeta,
505 4181 556 4264 lll,
582 4186 614 4264 2,
640 4189 653 4246 l
681 4203 744 4266 sq:

172 4323 375 4332 m--n

240 4389 267 4452 ¹)
286 4393 320 4444 ci.
340 4407 378 4443 or.
396 4389 451 4445 XII
470 4391 519 4444 376
539 4389 569 4445 R.
589 4407 646 4460 sqq.
665 4387 781 4444 XXXVI
799 4388 859 4442 init.
