3184 5008
732 371 920 430 ...g-

243 552 469 634 Messallinum,
504 552 636 636 aliisque
670 551 749 618 ulios
783 553 900 618 amicos
934 552 1032 618 nobili
1055 553 1123 618 loco
1146 561 1249 636 natos,
1274 575 1403 638 quorum

243 663 421 746 nonnullos,
446 665 891 748 quamvisnominacelentur,
911 665 1147 730 accuratissime
1164 667 1404 749 agnoscimus.¹)

327 775 390 840 Sed
412 775 531 840 obiciat
553 775 678 858 aliquio,
704 774 892 858 Messallam,
918 796 1008 858 quem
1034 775 1157 841 duobus
1180 777 1299 842 ultimis
1322 779 1404 842 vitae

243 887 334 950 annis
369 905 464 950 sensu
497 887 647 966 caruisse,
681 885 893 970 Hieronymus
926 886 1073 968 tradat2),
1107 888 1249 970 potuisse
1277 887 1403 971 quidem

246 995 300 1060 illo
323 1007 464 1080 tempore
483 996 565 1060 inter
586 997 674 1061 vivos
698 1017 779 1076 esse,
803 997 859 1061 sed
892 1016 955 1061 non
988 997 1149 1078 idoneum,
1184 1018 1203 1061 a
1230 1019 1290 1081 quo
1313 1005 1406 1084 poeta

225 1107 394 1200 auxilium
419 1107 481 1171 sibi
498 1107 594 1172 latum
611 1107 651 1171 iri
667 1112 818 1192 speraret.
856 1105 941 1189 Ergo
953 1129 987 1172 re
1000 1127 1073 1172 vera
1084 1109 1154 1193 ipso
1167 1108 1251 1173 exilii
1266 1117 1405 1193 tempore

242 1223 385 1284 mortuns
410 1219 477 1282 ert?
512 1217 602 1296 Quod
626 1217 752 1284 silentio
775 1218 1027 1303 praetermisisse
1049 1239 1211 1302 nunquam
1234 1219 1309 1284 mihi
1333 1241 1405 1305 per-

243 1329 380 1396 suadebo
405 1351 474 1397 eum
509 1334 647 1411 poetam,
682 1326 736 1409 qui
759 1324 843 1390 Celsi
871 1328 922 1409 (ex
944 1325 979 1390 P.
1003 1325 1050 1405 ll.,
1078 1329 1140 1406 10),
1165 1326 1254 1390 Fabii
1277 1326 1404 1391 Maximi

170 1469 174 1477 ·
244 1442 296 1523 (ex
318 1440 352 1507 P.
368 1440 431 1522 lv,
455 1441 500 1523 6),
523 1437 676 1504 Gallionis
698 1437 805 1500 uxoris
829 1438 881 1519 (ex
902 1435 937 1502 P.
961 1434 1023 1518 lv,
1050 1441 1101 1517 ll)
1124 1437 1239 1518 obituS,
1262 1437 1316 1501 ubi
1339 1439 1405 1522 pri·

245 1571 329 1615 mum
355 1550 518 1636 comperit,
543 1546 734 1613 carminibus
758 1547 872 1611 deflere
894 1566 958 1611 non
981 1547 1126 1628 neglexit.

326 1661 471 1744 Denique
494 1681 534 1726 ne
550 1660 582 1723 id
596 1659 721 1742 quidem
740 1657 815 1723 licet
831 1657 1039 1742 suspicemur,
1058 1657 1232 1724 Messallam
1256 1680 1402 1745 supremo

242 1772 326 1836 vitae
360 1789 500 1857 tempore
534 1771 573 1836 ab
597 1770 709 1835 Ouidio
744 1769 913 1834 alienatum
942 1789 1023 1848 esse,
1059 1770 1130 1853 ipsa
1158 1771 1291 1835 fortasse
1314 1770 1405 1855 culpa

244 1880 309 1961 illa,
333 1889 577 1966 propterquam
602 1880 656 1945 ille
679 1879 834 1960 relegatus
858 1885 917 1960 est,
942 1880 1106 1959 offensum,
1131 1881 1175 1944 ita
1198 1882 1280 1945 ntis
1303 1902 1404 1966 neque

241 1992 412 2078 implorare
436 2013 505 2058 eum
530 2013 625 2058 ausus
649 1993 700 2077 sit,
725 2011 827 2074 neque
850 1997 979 2056 mortem
1005 1993 1072 2056 eius
1102 1991 1215 2057 deflere
1239 2013 1318 2077 opus
1336 2015 1404 2058 esse

241 2111 336 2169 ratus.
391 2104 469 2168 Nam
503 2104 536 2168 id
569 2102 597 2168 si
620 2101 797 2182 accidisset,
833 2122 894 2185 qua
926 2103 1026 2167 fronte
1049 2101 1264 2168 Messallinum
1294 2105 1403 2185 adiret,

243 2235 334 2298 quem
359 2214 426 2280 sola
440 2215 505 2280 fere
528 2215 627 2299 patris
643 2214 795 2278 memoria
817 2213 877 2277 sibi
895 2212 1061 2278 conciliare
1076 2216 1218 2298 poterat?
1243 2215 1403 2297 Videmus,

241 2326 319 2392 solis
348 2326 453 2391 Ovidii
486 2326 675 2392 testimoniis
709 2325 801 2404 effici,
837 2332 931 2409 poeta
963 2325 1102 2390 nondum
1138 2325 1280 2409 epatria
1313 2325 1403 2409 pulso

240 2436 415 2502 Messallam
441 2438 617 2502 defunctum
643 2457 723 2503 esse.

327 2548 395 2625 Quo
422 2555 532 2613 *autem
567 2569 649 2613 anno
684 2548 866 2629 decesserit,
896 2554 1041 2613 constare
1066 2547 1189 2612 videtur
1211 2548 1402 2632 Hieronymo

242 2666 333 2741 teste,
358 2661 411 2742 qui
435 2661 474 2724 ad
498 2679 612 2724 annum
637 2660 771 2732 765l12
795 2659 871 2724 haee
903 2660 935 2724 in
964 2660 1110 2723 ohronioo
1140 2659 1320 2724 Eusebiano
1345 2661 1400 2723 ad-

188 2777 192 2784 '
241 2772 361 2836 notavit
384 2770 538 2853 (Schoene
561 2770 597 2837 ll.
626 2791 657 2854 p.
683 2771 771 2853 teo:
808 2769 978 2850 „Messalla
1007 2771 1161 2836 Corvinus
1196 2777 1300 2835 orator
1334 2777 1404 2835 aute

244 2882 402 2946 biennium
428 2901 520 2965 quam
544 2887 727 2962 moreretur,
751 2881 796 2946 ita
818 2882 1000 2946 memoriam
1025 2903 1060 2946 ac
1084 2902 1210 2947 sensum
1235 2883 1350 2962 amisit,
1369 2889 1404 2946 ut

240 2995 291 3057 vix
326 3013 426 3077 pauca
458 2993 553 3057 verba
587 2994 801 3075 coniungeret,
825 3000 877 3058 ¹et
910 2994 948 3057 ad
982 2999 1168 3072 extremum,
1205 2993 1310 3057 ulcere
1344 2994 1402 3058 sibi

241 3104 324 3168 circa
340 3123 457 3167 sacram
473 3105 596 3188 spinam
612 3110 697 3186 nato,
710 3103 817 3168 inedia
833 3125 866 3168 se
879 3105 1023 3184 confecit,
1041 3123 1121 3167 anno
1139 3105 1248 3168 aetatis
1265 3103 1404 3170 Lxxliff’

240 3215 347 3298 Neque
382 3215 578 3300 spernendus
620 3224 767 3280 assensor
804 3215 951 3280 accedere
988 3215 1111 3278 videtur
1151 3213 1319 3278 Frontinus
1352 3216 1403 3296 (de

241 3345 393 3408 aquarum
416 3325 510 3389 ductu
523 3324 571 3406 ll.,
594 3323 763 3407 102),'oum
781 3326 965 3408 insequente
982 3343 1064 3387 anno
1082 3325 1205 3388 Ateium
1220 3324 1417 3409 Capitonem·
1509 3369 1515 3382 .

242 3438 274 3501 in
299 3437 401 3500 locum
425 3435 587 3501 Messallae
610 3437 803 3520 praefectum
827 3455 977 3519 equarum
994 3437 1189 3499 nominatum
1206 3457 1276 3500 esse
1291 3435 1402 3500 tradat.

241 3549 318 3612 Nam
343 3549 446 3631 ipsum
472 3547 640 3613 Corvinum
665 3547 840 3612 Messallam
866 3552 1032 3624 oratorem,
1053 3565 1114 3609 non
1133 3546 1229 3610 filium
1246 3547 1314 3610 eius
1331 3554 1404 3608 natu

242 3659 391 3722 maiorem
416 3659 534 3722 dictum
560 3679 640 3738 esse,
664 3657 867 3737 Borghesius,
899 3658 950 3739 qui
975 3659 1095 3741 primus
1120 3657 1208 3720 hune
1224 3657 1325 3722 locum
1350 3658 1404 3720 ad-

246 3771 358 3852 hibuit,
393 3772 469 3834 satis
504 3770 650 3854 probavit
683 3770 714 3852 (l.
740 3790 764 3834 o.
789 3771 826 3834 cf.
850 3769 1032 3853 Nipperdey
1064 3769 1083 3833 l.
1108 3789 1132 3834 c.
1157 3789 1187 3852 p.
1213 3769 1297 3850 286).
1343 3769 1404 3832 Sed

242 3883 290 3946 nis
314 3883 497 3947 adversatur
520 3881 620 3946 Taciti
643 3880 729 3945 loeus
753 3880 825 3944 dial.
844 3882 895 3942 17:
920 3879 1020 3961 „Nam
1047 3880 1201 3944 Corvinus
1218 3881 1249 3942 in
1267 3881 1402 3944 medium

242 4014 341 4076 usque
365 3993 500 4074 Augusti
523 3994 748 4076 principatum,
772 3990 903 4056 Asinius
927 4011 1027 4076 paene
1051 3990 1090 4054 ad
1114 3999 1284 4054 extremum
1310 3991 1403 4053 dura·

242 4159 411 4167 ——--.-—.
430 4163 443 4166 ..

313 4249 331 4311 1)
352 4249 385 4303 of.
404 4250 529 4314 Lorcnlz,
547 4266 572 4316 p.
593 4249 667 4301 lo-
685 4265 711 4314 p.
733 4249 770 4299 ll.

311 4342 332 4406 2)
352 4342 496 4394 stlocum
516 4343 587 4394 infra
606 4341 779 4409 adscriptum.
