3178 5018
655 349 940 432 -oe-'

171 555 201 622 ei
223 555 312 622 missi
337 575 399 622 non
423 575 544 621 memor
564 555 673 638 luit1),
698 554 782 639 quod
804 575 868 620 non
890 555 986 620 nimis
1009 555 1180 621 verisimile
1203 561 1263 635 est,
1286 561 1342 622 aut
1385 605 1388 619 ,

172 667 307 752 epistola
329 665 419 750 1V‚n
452 674 527 734 ante
561 665 727 753 epistolam
749 666 774 749 I,
791 667 810 731 8
828 667 1005 752 composita
1037 671 1099 734 est.
1155 666 1341 752 Quicunque

172 786 279 844 autem
306 797 378 846 eum
412 777 561 846 Scbulzio
596 785 642 864 (p.
659 779 695 843 31
716 777 799 863 sqq.)
832 778 912 844 dnos
943 777 1043 844 fuisse
1076 778 1207 845 Severus
1236 777 1345 853 Ovidii·

171 891 290 955 amicos
326 891 456 972 statuit„
486 891 638 976 temporis
667 890 882 974 quaestionem
909 890 1039 956 omniuo
1061 890 1205 956 omittere
1227 896 1342 974 potest.

193 1053 196 1058 .
256 1003 305 1066 Ac
329 1001 367 1067 de
390 1002 459 1068 eius
483 1001 610 1086 quidem
635 1001 776 1068 moribus
792 1001 979 1083 miogenis,
1003 1002 1058 1086 qui
1073 1001 1238 1087 epistolam
1256 1001 1341 1081 lm

172 1112 309 1197 accepit,
345 1131 382 1178 ex
417 1111 523 1178 Ovidii
556 1112 661 1188 verbis
694 1112 845 1180 nonnulla
878 1113 1110 1196 cognoscimus.
1155 1112 1242 1191 Quae
1270 1133 1340 1178 cum

172 1221 303 1288 aliorum
339 1224 528 1310 scriptorum
564 1224 756 1291 testimoniis
789 1225 823 1290 in
857 1245 953 1290 unum
981 1235 1218 1310 componemus.
1262 1225 1341 1289 Nam

172 1353 242 1400 curn
279 1354 359 1418 quae
383 1336 486 1400 adhuc
510 1335 549 1400 de
574 1336 632 1402 hoc
654 1337 722 1402 viro
746 1336 784 1401 ab
808 1336 879 1401 aliis
901 1333 1025 1422 prolata
1047 1342 1135 1418 sunt,
1169 1355 1232 1401 non
1256 1335 1342 1400 omni

173 1465 210 1512 ex
234 1455 322 1531 parte
346 1446 531 1513 ¹satisfacere
552 1445 728 1529 videantur,
753 1439 980 1531 quaestionem,
1005 1467 1084 1530 quae
1106 1453 1154 1512 est
1169 1447 1208 1512 de
1224 1447 1341 1512 Severo

172 1563 277 1643 poeta,
301 1562 472 1624 retractare
488 1577 551 1622 non
567 1557 696 1642 pigebit,
720 1565 756 1623 ut
769 1564 801 1624 ot
816 1557 921 1624 Ovidii
937 1558 1033 1624 verba
1047 1538 1223 1624 accuratius
1240 1559 1341 1623 inter-

173 1674 348 1754 pretemur,
385 1675 417 1735 et
438 1675 615 1755 temporum
634 1669 885 1751 indagandorum
913 1670 1001 1755 operi
1024 1669 1208 1737 firmissima
1228 1670 1342 1735 lunda-

175 1787 279 1845 menta
315 1799 540 1866 supponamus.
585 1779 654 1858 Quo
682 1783 784 1864 magis
806 1788 909 1847 autern
933 1781 1106 1867 disputatio
1130 1781 1169 1846 ab
1192 1782 1341 1848 universo

174 1893 341 1977 proposito
365 1899 472 1962 nostro
500 1893 648 1959 recodere
670 1893 844 1975 videbitur,
878 1912 914 1960 eo
938 1893 1051 1958 melius
1073 1893 1230 1978 instructi,
1258 1894 1342 1960 unde

175 2005 309 2091 proiecti
333 2023 453 2086 sumus,
478 2004 661 2071 redibimus.

193 2305 196 2316 ι
259 2226 322 2291 lam
353 2245 433 2310 quae
456 2227 496 2292 de
518 2226 635 2294 Severo
659 2247 698 2293 ex
721 2227 855 2313 epistola
877 2226 965 2310 lun
987 2227 1217 2327 adipiscamur,
1245 2248 1342 2313 expo·

116 2391 124 2400 ,
174 2337 278 2403 nenda
300 2346 383 2404 sunt.
431 2333 510 2404 (lum
535 2337 649 2404 Ovidio
672 2340 716 2404 ita
739 2346 806 2404 erat
828 2339 1026 2422 coniunctus,
1049 2338 1183 2404 utexilii
1199 2347 1341 2424 tempore

173 2470 236 2516 non
261 2448 358 2515 semel
381 2447 502 2516 litteras
526 2457 557 2515 et
579 2450 667 2516 daret
689 2451 729 2516 ad
752 2470 822 2516 aum
844 2457 879 2533 et
893 2449 934 2515 ab
950 2470 986 2516 eo
1006 2451 1164 2536 acciperet
1182 2451 1340 2533 (v.6sq.),

174 2561 289 2645 quibus
312 2579 430 2644 euram,
447 2581 540 2646 quarn
557 2565 645 2648 prius
664 2561 747 2642 altor¹
765 2562 805 2628 de
819 2562 917 2627 altero
932 2562 1089 2645 habuerit,
1113 2581 1176 2626 non
1192 2561 1342 2628 imminu·

175 2679 240 2737 tum
264 2693 335 2738 esse
358 2672 605 2742 confirmaretur.
643 2672 805 2755 Ingenium
829 2681 932 2739 autem
955 2681 1067 2760 politae
1082 2674 1112 2739 ei
1127 2674 1214 2739 cordi
1229 2674 1340 2753 fuisse,

178 2789 223 2847 eo'
238 2781 449 2866 cognoscitur,
474 2784 558 2869 quod
575 2783 708 2850 Ovidius
724 2785 920 2871 amplissime
935 2803 1047 2851 causas
1064 2786 1203 2870 exponit,
1227 2784 1341 2868 quibus

178 2891 323 2959 ellectum
347 2895 399 2977 sit,
423 2900 459 2961 ut
480 2913 564 2960 nunc
587 2896 648 2961 iam
673 2915 691 2960 a
713 2898 850 2981 pristina
865 2897 1037 2962 carminum
1054 2895 1341 2980 componendorum

176 3003 291 3072 virtute
330 3007 497 3074 desciverit
531 3009 574 3092 (v.
592 3007 742 3090 15-46).
787 3008 895 3093 Neque
927 3007 1040 3072 mirum
1078 3015 1141 3088 est,
1180 3005 1258 3072 haec
1285 3005 1342 3071 Se-

174 3135 250 3182 vero
284 3117 397 3200 scribi,
432 3120 551 3205 quippe
585 3119 638 3203 qni
672 3119 742 3205 ipse
770 3127 836 3185 arte
859 3119 985 3204 poetica
1009 3119 1054 3184 ita
1076 3117 1211 3200 insignis
1233 3118 1343 3200 fuerit,

177 3232 214 3293 ut
236 3229 377 3294 carmina
399 3229 466 3294 eius
490 3230 551 3295 sibi
575 3231 657 3296 mitti
680 3237 776 3316 poeta
798 3230 998 3296 vehementer
1020 3236 1147 3316 exoptet
1168 3233 1210 3314 (v.
1228 3229 1343 3308 i-ld,

177 3339 330 3423 47-50).
375 3339 422 3406 De
457 3341 629 3408 carminum
665 3347 770 3407 autem
805 3343 873 3410 eius
909 3348 1093 3423 argumento
1124 3341 1227 3426 primo
1251 3360 1344 3406 versu

178 3449 361 3518 edocemur:
409 3493 411 3502 ι

331 3613 338 3626 .
362 3613 369 3627 .
394 3614 401 3626 .
425 3553 449 3627 o'
466 3569 555 3628 vates
578 3585 766 3645 magnorum
788 3567 928 3632 maxime
949 3583 1068 3645 rogum.

178 3672 229 3736 cui
264 3671 469 3754 adaugendas
493 3681 541 3740 est
564 3695 643 3741 unus
667 3696 776 3742 versus
804 3675 957 3760 epistolae
980 3674 1101 3756 1v‚1e,
1126 3695 1188 3760 qua
1210 3674 1342 3740 Ovidius

178 3803 254 3850 suae
277 3784 390 3850 aetatis
413 3779 524 3870 poetas
547 3794 714 3870 percenset
738 3787 857 3870 lv,16‚
873 3791 903 3853 9.
957 3831 960 3838 -

331 3897 455 3979 Quique
476 3899 565 3963 dedit
587 3899 678 3962 Latio
701 3913 828 3964 carmen
850 3901 955 3980 regale
977 3899 1121 3964 Severus.

263 4006 331 4072 Non
348 4007 479 4074 dubium
496 4016 554 4090 est,
576 4009 652 4094 quin
669 4011 708 4076 de
724 4030 786 4076 uno
803 4012 975 4094 eodemque
992 4018 1124 4094 utroque
1139 4009 1208 4074 loco
1225 4016 1344 4092 agatur.

178 4115 257 4183 Nam
280 4138 424 4203 ,carmen
453 4119 576 4202 regale”
599 4121 632 4186 id
655 4129 719 4202 est,
745 4142 806 4207 quo
829 4142 936 4204 regum
959 4119 1041 4188 facta
1062 4121 1236 4206 laudesque
1262 4120 1343 4188 cele·

250 4357 273 4425 ¹)
291 4357 392 4414 Merkel
409 4359 509 4429 prolns.
529 4359 572 4414 ad.
590 4361 631 4416 Ib.
649 4377 675 4431 p.
687 4361 747 4416 378.
773 4361 870 4415 Dinter
887 4361 925 4423 ΙΙ,
942 4377 968 4430 p.
982 4363 1006 4416 6.
