3178 5018
636 377 843 442 ..69-

155 562 230 642 vult,
256 583 335 645 quae
359 564 401 629 sit
425 564 570 632 Graecini
595 583 668 646 erga
691 556 724 630 se'
748 564 958 650 voluutastv.
985 566 1088 648 1-4).
1134 563 1216 648 Ergo
1241 567 1317 638 liaeo

155 693 281 758 quoque
304 683 376 740 ante
400 675 567 760 epistolam,
587 655 661 750 ltu
684 676 784 742 eidem
809 677 936 740 missam
962 677 1137 760 composita
1159 683 1214 742 est.

241 785 347 868 Neque
381 787 485 852 minus
519 793 601 876 reete
636 785 799 872 epistolam
835 786 898 867 1,7
926 787 1013 872 prius
1041 787 1078 852 ad
1103 787 1315 854 Messallinum

154 895 284 960 missam
297 917 391 980 esse,
416 918 508 981 quam
533 897 699 983 epistolam
723 897 760 978 ΙΙ,
778 900 808 977 2,
833 897 999 962 Sohulzius
1017 899 1062 983 (p.
1080 899 1133 981 25)
1150 901 1210 966 iam
1229 901 1316 966 vidit.

154 1005 210 1070 llla
234 1008 316 1072 enim
341 1008 531 1074 nobilissimi
554 1010 613 1073 viri
637 1011 773 1080 favorem
798 1007 858 1073 sibi
878 1008 1057 1090 conciliare,
1082 1009 1139 1074 hau
1154 1011 1215 1076 iam
1233 997 1316 1076 oom'·

143 1121 297 1202 'paratum
320 1121 352 1182 in
375 1141 464 1184 suum
490 1141 581 1186 usum
605 1126 785 1186 convertere
808 1123 901 1205 poeta
924 1121 1036 1186 studet.

239 1229 383 1313 Denique
413 1231 576 1314 epistolam
600 1231 659 1312 La
692 1231 789 1296 Fabio
818 1230 951 1298 llaximo
980 1231 1107 1296 missam
1143 1253 1212 1298 esse
1246 1240 1317 1300 ante

152 1341 317 1424 epistolam
342 1341 393 1420 ΙΙΙ,
417 1343 436 1406 3
460 1342 554 1406 simili
579 1343 700 1407 ratione
724 1341 889 1406 Seliulzius
914 1345 958 1427 (p.
973 1343 1025 1425 24)
1043 1343 1187 1408 ostendit.
1222 1343 1317 1409 Prae-

153 1459 240 1516 terea
263 1453 393 1518 ethaeo
416 1453 476 1517 duo
501 1453 649 1526 earmina
685 1463 716 1516 et
746 1473 793 1534 ea,
829 1453 942 1536 quibus
966 1452 1163 1519 Messallinus
1186 1457 1316 1540 petitur,
1346 1500 1348 1514 .

151 1583 189 1628 eo
216 1563 375 1643 differunt,
401 1565 483 1647 quod
507 1565 539 1628 in
564 1563 660 1628 altero
685 1564 804 1629 Tiberii
827 1564 1005 1648 triumphus
1024 1565 1163 1630 nondum
1181 1566 1316 1632 comme-

152 1681 304 1753 moratur,
329 1675 361 1738 in
385 1675 481 1738 altero
505 1695 618 1755 magna
640 1676 814 1755 argumenti
844 1694 916 1759 pars
940 1676 978 1740 ad
1003 1697 1071 1740 eum
1097 1681 1226 1760 spectat.

240 1783 324 1849 Haeo
348 1785 532 1850 brevissime
557 1787 595 1850 de
630 1791 776 1870 quattuor
798 1787 846 1850 hie
871 1786 1074 1870 epistolarum
1098 1788 1227 1872 paribus
1250 1809 1317 1853 mo-

150 1897 258 1959 nenda
281 1903 383 1960 erant:
418 1897 621 1981 singularum
642 1888 783 1980 tempora
806 1905 916 1982 postea
940 1897 1129 1964 difinieutur.
1175 1899 1317 1980 Cognos-

151 2007 253 2070 oimus
278 2015 392 2086 autem,
418 2027 621 2092 quaeeunque
638 2007 967 2092 epistolaposteriore
983 2016 1122 2093 tempore
1142 2011 1317 2094 oomposita

151 2125 247 2194 esset,
273 2137 341 2182 eam
367 2120 532 2204 posteriori
556 2139 679 2203 quoque
706 2119 785 2184 libro
809 2121 958 2184 insertam
983 2139 1062 2186 esse.
1113 2120 1151 2184 Et
1173 2141 1207 2184 re
1230 2141 1314 2203 vera,

153 2232 180 2293 si
204 2230 293 2294 aliter
315 2236 412 2314 poeta
433 2251 498 2294 rem
523 2231 728 2311 instituisset,
753 2251 845 2314 quam
863 2230 997 2294 maxime
1020 2232 1196 2296 mirandum
1222 2237 1315 2298 esset.

150 2341 228 2406 Nam
254 2345 330 2406 haee
353 2330 491 2406 carmina
514 2350 696 2426 temporum·
713 2343 831 2408 iudicia
858 2349 923 2408 tam
944 2347 1054 2427 aperta
1071 2344 1103 2406 in
1125 2363 1177 2408 ore
1201 2344 1316 2424 ferunt,

150 2460 185 2517 ut
207 2474 247 2516 ne
270 2456 409 2538 potuerit
432 2455 557 2536 quidem
582 2474 619 2518 ea
641 2455 766 2519 inverso
791 2453 1021 2533 ordinetedere
1045 2453 1109 2518 nisi
1124 2474 1194 2518 eum
1209 2455 1317 2538 inepto

151 2566 285 2648 quodam
311 2565 507 2628 disturbandi
532 2565 634 2628 studio
659 2564 829 2630 indulsisse
853 2565 1080 2630 existimamus.

236 2675 326 2752 Quod
350 2677 376 2740 si
394 2675 789 2756 consideramus-dubium
806 2696 869 2740 non
887 2682 944 2756 est,
965 2676 1120 2759 quomodo
1138 2677 1312 2742 iudicemus

86 2831 92 2838 -
149 2787 188 2852 de
212 2789 257 2852 eis
283 2787 404 2852 duobus
438 2786 526 2864 loeis,
564 2788 618 2870 qui
645 2786 704 2852 soli
728 2787 759 2850 in
784 2787 833 2851 his
855 2787 955 2852 tribus
978 2787 1067 2852 libris
1091 2791 1241 2874 temporis
1265 2790 1313 2854 in-

148 2898 265 2962 dioium
291 2898 443 2981 praebent
466 2917 617 2960 annorum
643 2898 782 2962 numeris
813 2917 1005 2981 expressum.
1051 2897 1131 2964 Sunt
1154 2904 1257 2964 autem
1283 2900 1314 2963 hi
1410 2954 1414 2964 .

148 3009 172 3092 l,
197 3013 227 3088 2,
253 3013 292 3074 'll
316 3006 377 3092 sqj:

302 3123 360 3184 Hie
383 3142 433 3186 me
456 3104 650 3202 pugnantem
673 3095 745 3184 oum
767 3124 882 3201 frigore
905 3141 1039 3202 eumque
1062 3122 1189 3200 sagittis

352 3233 494 3313 Cumque
516 3251 585 3296 meo
606 3235 670 3296 lato
694 3239 808 3314 quarta
829 3234 942 3312 fatigat
964 3234 1074 3296 hiems.

592 3345 872 3425 mldfflmn

304 3458 344 3521 Ut
367 3475 457 3520 cereo
480 3459 581 3534 vobis,
605 3457 733 3537 Stygias
760 3457 908 3520 detrusus
931 3457 963 3518 in
987 3473 1068 3534 oras,

351 3567 507 3642 Quattuor
530 3572 701 3631 autumnos
724 3568 827 3630 Pleias
851 3570 920 3630 orta
940 3569 1025 3630 lauit.

235 3678 342 3743 Priore
365 3679 432 3744 loeo
455 3679 591 3742 hiemem
614 3698 766 3742 annorum
794 3678 889 3757 ralla
913 3676 1081 3757 significari
1106 3695 1214 3740 omnes
1239 3695 1314 3740 oon·

145 3792 297 3856 sentiunt.
344 3789 426 3866 Quid
451 3796 553 3854 autem
578 3789 727 3854 Loersius
758 3789 796 3852 de
819 3787 877 3852 hoo
900 3787 967 3852 loeo
990 3787 1186 3852 iudicaturus
1208 3786 1313 3865 fuerit,

147 3901 176 3966 si
200 3902 384 3986 quaestione
408 3921 465 3966 sua
488 3901 581 3965 etiam
605 3902 644 3964 ad
667 3899 815 3965 Pontinas
839 3898 989 3983 epistolas
1012 3918 1199 3983 progressus
1216 3901 1313 3976 esset,

147 4013 267 4078 neseio.
312 4013 389 4077 Nam
415 4033 483 4076 oum
509 4011 655 4076 Ovidium
680 4018 810 4076 exeunte
833 4030 915 4074 anno
938 4011 1013 4074 {lex
1028 4008 1115 4074 ltalia
1127 4009 1312 4094 protentum,

145 4145 222 4188 vere
240 4124 364 4188 demum
389 4123 462 4188 anni
483 4124 599 4201 tostos
616 4123 731 4186 Tomos
754 4122 937 4206 pervenisse
961 4121 1146 4200 censuisset,
1171 4124 1322 4203 quartam

144 4226 284 4300 hiemem
310 4235 400 4300 annis
422 4235 548 4300 demum
574 4235 670 4311 13714
686 4235 718 4298 in
731 4233 859 4317 Scythia
875 4231 987 4296 Ovidio
1004 4230 1197 4296 tolerandam
1214 4231 1313 4296 fuisse

144 4346 177 4412 ei
203 4346 403 4412 statuendum
428 4352 502 4411 erat.
551 4348 592 4410 At
623 4345 683 4410 huo
714 4353 854 4430 tempore
878 4349 1003 4429 poetam
1026 4343 1121 4408 etiam
1144 4341 1178 4406 in
1201 4341 1314 4426 primis
