3184 5008
636 374 847 438 ..19-

155 565 259 624 autem
279 563 373 644 poeta
386 561 420 625 iu
436 559 591 626 Thraciae
609 559 685 628 litus
707 565 913 644 transvectus,
929 560 1080 646 reliquam
1104 560 1163 627 iter
1184 561 1320 646 pedibus
1384 555 1387 562 ’

157 671 366 755 perpetravit:
389 691 417 736 r.
442 673 498 737 23:

312 781 391 848 Nem
413 781 491 848 mihi
513 781 673 849 Bistoniae
696 783 814 870 placuit
836 784 917 871 pede
939 803 1069 870 sarpam
1092 803 1231 872 campos.
1245 835 1273 853 ..

243 1003 423 1082 Videamus,
448 1011 600 1088 quantum
622 1007 774 1092 temporis
809 1007 849 1072 ad
871 1011 971 1074 totum
996 1009 1065 1074 'iter
1094 1007 1320 1094 perficiendum

154 1133 237 1198 opus
259 1115 361 1182 luerit.
407 1115 507 1193 Quam
530 1117 672 1183 celeriter
694 1122 800 1184 autem
822 1117 954 1184 Romani
983 1118 1117 1186 neribus
1145 1139 1203 1206 per
1231 1139 1323 1186 mare

155 1226 367 1308 cucurrerint,
401 1226 592 1293 Brandesius
620 1228 654 1311 (l.
671 1247 697 1294 a.
715 1247 746 1314 p.
770 1229 847 1310 353)
875 1229 1042 1295 ostendere
1076 1230 1216 1315 suscepit
1247 1229 1320 1300 mvi
1377 1207 1379 1216 ,

155 1338 352 1416 narratione,
382 1356 461 1420 quae
495 1344 543 1403 est
574 1339 606 1402 in
638 1339 710 1404 libri
732 1338 862 1405 XXVIII
884 1341 986 1425 capite
1010 1341 1052 1406 18
1073 1348 1148 1407 extr.
1171 1341 1203 1406 in
1227 1360 1319 1406 usum

155 1452 279 1524 vocata,
302 1447 357 1512 ubi
373 1449 475 1530 agitur
491 1449 529 1513 de
545 1447 694 1534 Scipione
710 1469 726 1514 e
742 1449 891 1516 Numidia
905 1451 939 1516 iu
956 1451 1144 1536 Hispaniam
1159 1451 1318 1518 redeunte.

156 1556 246 1622 Unde
264 1557 390 1624 calculis
407 1564 568 1625 essecutus
591 1567 651 1641 est,
674 1580 738 1626 non
754 1560 825 1646 plus
842 1581 935 1644 quam
952 1562 1064 1642 viginti
1080 1569 1144 1627 tres
1159 1563 1224 1626 fere
1247 1562 1315 1627 dies

155 1688 238 1752 opus
261 1669 359 1734 ludsse
382 1670 422 1734 ad
444 1671 504 1735 iter
526 1669 695 1736 Brundisio
719 1649 836 1736 Tomos
858 1672 1046 1738 laciendum.
1090 1671 1154 1738 Sed
1176 1673 1313 1758 primum

154 1779 205 1844 ita
226 1780 430 1844 retiocInatus
453 1787 516 1863 est,
546 1780 634 1864 quasi
659 1779 791 1847 Ovidius
813 1788 911 1847 totum
940 1785 999 1848 iter
1025 1803 1105 1848 nave
1127 1783 1318 1864 conficisset3

153 1895 224 1956 tum
247 1908 349 1974 neque
371 1890 449 1955 dicit
470 1889 592 1972 Livius,
616 1911 708 1975 quem
731 1893 856 1958 Africae
877 1893 979 1958 locum
996 1893 1104 1979 Scipio
1129 1894 1318 1974 Carthagine

155 2021 238 2066 nore
263 2001 372 2066 relicta
398 2002 541 2085 petierit,
579 2023 680 2086 neque
712 2004 894 2069 testimonio
928 2006 997 2070 eius
1029 2006 1124 2070 ulmis
1159 2004 1318 2070 confidere

157 2112 231 2177 licet
251 2114 283 2176 in
306 2112 352 2178 eis
374 2113 486 2194 rebus,
514 2132 593 2197 quas
615 2114 815 2179 exornandae
843 2114 1032 2180 narrationis
1061 2134 1156 2183 causa
1188 2115 1226 2180 de
1249 2103 1317 2180 ‘suo

156 2223 271 2288 addere
299 2225 416 2309 potuit,
457 2225 634 2308 antiquiore
662 2232 788 2290 auctore
821 2244 884 2290 non
915 2245 1003 2292 usus.
1028 2261 1069 2272 -
1096 2224 1187 2302 Quod
1214 2233 1318 2292 eutem

155 2333 321 2399 Brundesii
364 2336 485 2400 ratlane
532 2355 596 2400 non
640 2335 821 2416 conficitur,
868 2337 900 2402 id
940 2336 1196 2416 diligentissImIs
1234 2337 1319 2401 curis

155 2445 312 2531 Stephani
320 2447 345 2530 ¹)
361 2452 393 2510 et
406 2445 431 2510 F
433 2445 673 2530 riedlaendori2)
689 2455 753 2511 tam
771 2447 863 2532 plene
885 2448 1069 2531 praestitum
1094 2452 1153 2528 est,
1176 2455 1211 2512 ut
1232 2446 1318 2512 nulla

153 2556 309 2622 dubitatio
346 2555 554 2640 rellnquatur:
614 2557 660 2622 Er
696 2558 841 2624 omnibus
884 2563 987 2622 autem
1031 2558 1198 2644 exemplis,
1237 2579 1317 2642 quae

153 2667 336 2752 Stephanus
364 2666 509 2747 contulit,
543 2675 684 2754 apparet,
713 2668 810 2733 horae
831 2675 972 2754 tempore
998 2669 1069 2754 plus
1098 2687 1191 2752 quam
1222 2671 1318 2752 quina

154 2778 246 2843 milia
268 2798 437 2863 passuum,
465 2778 515 2844 vel
537 2779 660 2860 siaguIa
681 2778 829 2844 milliaria
850 2779 1060 2863 geographica
1081 2779 1212 2846 navibus
1235 2781 1317 2844 anti-

154 2908 237 2972 quos
260 2909 444 2972 permensos
478 2909 556 2955 esse.
602 2888 685 2969 Ergo
708 2890 812 2954 minus
841 2910 932 2974 quam
969 2891 1076 2954 decem
1111 2889 1222 2955 diebus
1245 2890 1317 2975 plus

155 3019 253 3082 quam
277 2999 362 3064 mille
389 2999 477 3064 milia
508 3019 658 3084 passuum
693 3000 943 3066 deterrebantur.
994 3001 1073 3065 Cum
1096 3001 1193 3081 igitur
1218 3002 1316 3066 inter-

153 3111 221 3175 sint
253 3111 335 3201 inter
362 3110 564 3176 BrundIsium
599 3119 630 3174 et
658 3110 842 3176 Corinthum
861 3105 1099 3193 'quadringenta
1131 3111 1196 3176 lere
1230 3112 1317 3178 milla

154 3239 308 3306 passuum
331 3221 380 3286 vel
408 3222 566 3302 octoginta
594 3221 740 3288 milliaria
767 3221 993 3306 geographica,
1022 3222 1103 3286 inter
1126 3221 1315 3287 Corinthum

152 3338 187 3397 et
215 3331 374 3416 Tempyra
406 3333 578 3416 anngenta
610 3333 697 3397 milia
729 3351 896 3416 passuum,
929 3332 978 3398 vel
1013 3339 1134 3398 centum
1171 3333 1317 3398 milliaria

152 3443 376 3528 geographica,
395 3445 518 3509 etiamsi
533 3443 580 3508 hle
593 3443 830 3528 Hellespontum
845 3463 1026 3528 percursum
1045 3463 1114 3510 esse
1130 3450 1314 3526 statuamus,

151 3554 304 3639 quantulo
332 3560 472 3640 tempore
498 3555 559 3620 iter
584 3554 693 3619 novale
727 3553 837 3639 perlici
865 3556 1012 3640 potuerit,
1047 3553 1251 3635 intellegitur.
1274 3591 1317 3607 —

156 3711 358 3724 ι-ο-ο--ψ

154 3784 391 3856 pottamdirisse,
410 3801 439 3838 se
458 3783 525 3850 „ab”
543 3800 574 3838 ee
591 3785 657 3840 urhe
679 3783 799 3840 Imbrum
827 3787 941 3854 venisse,
960 3786 1035 3840 cuius
1052 3787 1190 3854 regionem
1207 3787 1315 3840 tantum

150 3895 169 3936 e
198 3879 268 3934 meri
293 3880 446 3950 prospicere
467 3885 581 3948 poterat.
629 3879 795 3950 Ophryqum
823 3884 914 3936 alutem
942 3880 1069 3950 oppidum
1093 3895 1154 3936 ¹suar
1168 3923 1170 3930 t
1183 3879 1315 3936 Merkelio

154 3973 235 4041 (ecit.
262 3991 289 4044 p.
318 3975 362 4042 73]
391 3979 422 4029 ut
446 3974 674 4044 intellegeremus,
701 3976 785 4030 nimie
812 3974 935 4036 doctriua
963 3991 1030 4043 opus
1056 3978 1127 4028 esset
1150 3973 1196 4041 (cf.
1214 3973 1313 4028 Strabo

150 4068 234 4137 XIII,
254 4085 276 4121 c.
295 4069 347 4134 29).
675 4125 682 4142 .

226 4163 248 4230 ¹)
270 4163 340 4228 ,Des
358 4161 571 4217 Verlrehrsleben
593 4165 630 4218 lm
648 4163 829 4219 Alterthum“:
859 4163 986 4216 Ilaumers
1008 4161 1102 4218 histor.
1120 4161 1316 4216 Tcschenbuch

153 4257 232 4324 1868,
251 4255 278 4314 S.
291 4257 332 4326 49,
350 4257 454 4312 Aemi
472 4247 528 4311 und
545 4256 572 4312 S.
581 4259 623 4325 51,
633 4257 709 4313 Anm.

224 4351 248 4421 2)
268 4351 511 4422 SIttengesehichle
528 4353 612 4407 Roms
629 4352 659 4407 II
677 4369 703 4422 p.
717 4353 744 4404 ll
763 4369 822 4422 sqq.

1114 4453 1144 4506 ῳ
