3178 5018
643 369 849 432 ...73-

310 553 359 618 Tu
376 555 473 634 oanis,
497 559 624 620 aeterno
648 557 805 638 quidquid
827 559 970 622 restabat
992 559 1128 622 Homero

589 697 593 712 ·
633 678 635 690 '
678 687 702 731 e.
727 687 756 748 q.
781 687 805 731 s.

156 774 193 838 de
214 773 311 839 altero
336 774 372 844 ΙΙ,
396 778 426 844 4.
454 779 492 840 13
511 797 592 860 sqq:
688 827 689 834 ,
806 848 809 854 ,

308 886 409 967 Saepe
431 892 504 952 tuas
528 890 614 952 venii
636 892 757 952 taetrum
780 892 873 953 modo
897 911 1021 961 carmon
1046 894 1085 955 ad
1108 894 1205 966 auris,

358 999 397 1062 Et
419 1018 500 1063 nova
522 1001 642 1064 iudicio
665 1003 796 1064 subdita
818 1002 911 1064 llusa
935 1007 992 1064 tuo
1015 1007 1072 1066 est.

237 1107 288 1172 -De
318 1107 497 1174 Germanioi
533 1118 635 1174 aulem
670 1111 785 1176 studiis
819 1113 952 1195 poeticis
987 1133 1049 1176 nou
1085 1113 1169 1178 solus
1192 1114 1325 1178 Ovidius

156 1219 331 1284 audiendus
356 1228 411 1284 est.
451 1221 548 1286 Porro
572 1222 610 1285 de
633 1219 731 1287 Bruto
754 1223 816 1286 iam
842 1204 975 1303 egimus,
1000 1221 1198 1304 Graecinum,
1223 1225 1324 1308 Cotyn

92 1371 96 1386 .
154 1349 277 1410 regem,
316 1329 469 1396 Severum¹
501 1331 571 1398 aliis
604 1331 682 1396 locis
716 1333 891 1398 accuratius
925 1327 1106 1398 tractandos
1141 1335 1324 1402 omittimus

80 1497 82 1502 .
156 1439 258 1504 Rufini
283 1448 399 1524 quauta
421 1443 517 1508 luerit
540 1445 570 1506 in
594 1442 717 1526 talibus¹
734 1444 848 1509 studiis
869 1450 902 1508 et
923 1444 1077 1525 elegantia
1093 1449 1125 1510 et
1141 1448 1322 1528 auotoritas,

155 1552 230 1618 iude
264 1554 495 1633 cognoscimus,
531 1554 614 1637 quod
650 1555 722 1618 huie
756 1556 819 1638 ipsi
853 1560 948 1639 poeta
979 1575 1106 1620 carmen
1143 1557 1181 1620 de
1204 1557 1324 1622 Tiberii

154 1664 314 1748 triumpho
338 1685 357 1728 a
379 1685 413 1728 se
437 1667 655 1750 compositum
674 1673 836 1750 tantopere
860 1667 1058 1741 commendat
1081 1661 1155 1750 (lll,
1170 1669 1214 1750 4.)
1259 1667 1324 1732 Soli

154 1775 218 1838 iam
248 1785 419 1860 supersunt
441 1776 587 1857 Flaccus,
618 1776 763 1842 Graecini
792 1778 886 1842 frater
914 1786 944 1842 et
967 1777 1064 1844 Rufus
1088 1780 1194 1844 uxoris
1218 1779 1324 1844 Ovidii

157 1886 346 1967 avunculus,
370 1888 424 1970 qui
450 1893 551 1952 utrum
576 1887 735 1952 Musarum
760 1908 849 1952 saera
871 1889 1039 1970 coluerint,
1069 1910 1183 1966 necue,
1208 1889 1324 1954 diiudi-
1356 1890 1359 1895 ’

155 2000 221 2063 cari
243 2018 306 2063 non
329 2005 444 2083 potest.
490 1999 552 2064 Sed
577 1998 707 2064 alterum
732 2000 844 2064 intima
867 2000 1016 2079 amicitia,
1041 2001 1093 2083 (ci.
1111 2000 1133 2082 l,
1153 2003 1201 2082 10,
1220 2003 1321 2085 resq.

159 2111 208 2174 30.
233 2111 273 2174 37
297 2116 357 2193 sq.)
393 2110 524 2174 alterum
560 2110 653 2176 simul
687 2111 748 2176 lide
783 2117 814 2175 et
846 2111 996 2176 affinitate
1025 2111 1129 2194 (elil,
1157 2114 1210 2194 11)
1244 2113 1321 2177 adeo

73 2262 76 2266 -
156 2227 282 2306 poetae,
312 2225 511 2286 coniunctum
541 2223 639 2288 luisse
669 2223 895 2306 comperimus
924 2229 958 2287 nt
980 2243 1019 2286 ne
1044 2223 1098 2287 hos
1123 2224 1248 2307 quidem
1273 2225 1322 2288 in-

157 2331 240 2423 genii
265 2333 332 2398 eius
348 2317 463 2396 ‘amore
488 2353 603 2398 vacuos
626 2334 723 2401 luisse
747 2309 917 2398 verisimile
940 2333 990 2398 sit.

182 2459 184 2466 ⁴
242 2444 310 2521 Quo
339 2449 442 2510 antem
473 2465 601 2510 munere
628 2451 722 2529 polita
751 2445 807 2509 hoo
832 2445 915 2510 viros
939 2445 1039 2525 magis
1063 2444 1231 2517 delectare,
1259 2467 1322 2530 quo

156 2556 278 2620 animos
313 2576 419 2622 eurum
454 2557 555 2636 magis
589 2557 649 2621 sibi
684 2555 869 2635 conciliare,
907 2575 967 2638 quo
1002 2547 1190 2620 voluntatem
1215 2557 1322 2621 auxilii

156 2667 276 2731 ferendi
312 2668 411 2748 magis
445 2669 586 2732 refovere
608 2667 726 2752 potuit,
763 2687 855 2754 qnam
880 2667 986 2731 missis
1011 2668 1129 2747 ingenii
1154 2669 1202 2732 sui
1226 2668 1322 2732 docu-

158 2779 286 2860 mentis,
310 2787 441 2864 propter
464 2799 543 2862 quae
566 2779 701 2842 maxime
724 2796 795 2842 enm
821 2777 1014 2845 dilexerant?
1059 2778 1165 2861 Neque
1189 2757 1328 2843 aliaest

155 2909 265 2970 eausa,
295 2909 350 2954 cur
372 2889 464 2954 uobis
488 2891 750 2974 persuadeamus,
776 2889 880 2974 priore
904 2889 988 2953 exilii
1012 2898 1152 2974 tempore
1176 2889 1260 2953 nullu
1282 2889 1320 2952 ab

155 3021 191 3065 eo
224 3002 323 3066 missa
357 3022 426 3066 erse
458 3002 599 3066 carmina
623 3000 804 3066 nominibus
829 3001 1000 3064 amicorum
1025 3001 1184 3078 insignita.
1230 3000 1322 3077 Quod

150 3132 223 3176 uum
248 3135 282 3178 re
305 3134 379 3178 vera
402 3114 516 3178 luctum
539 3113 597 3193 sit,
627 3118 739 3197 postea
768 3132 967 3195 quaeremus:
1003 3111 1070 3175 lieri
1094 3113 1236 3196 potuisse
1259 3113 1320 3176 iam

152 3243 236 3287 nuno
259 3231 399 3309 apparet.

237 3333 321 3399 Haec
342 3335 438 3416 igitur
461 3337 568 3400 omnia
590 3336 790 3419 respicienda
813 3342 886 3400 sunt
907 3339 992 3400 recte
1015 3334 1106 3398 uobis
1135 3333 1319 3414 intellegen-

148 3445 233 3510 tibus
267 3446 392 3530 plenam
426 3447 488 3509 vim
524 3467 669 3516 versuum
694 3445 745 3527 lll,
769 3449 799 3524 a,
824 3448 863 3509 51
889 3466 972 3529 sqq,
1007 3465 1026 3510 a
1059 3446 1172 3528 quibus
1205 3446 1236 3508 io
1262 3446 1319 3508 hac

152 3556 376 3642 disputationis
400 3563 487 3641 parte
511 3559 641 3642 profecti
666 3578 784 3622 sumus.
823 3556 911 3622 Unde
929 3556 1003 3640 qnid
1020 3556 1059 3620 ad
1077 3561 1175 3620 totam
1192 3563 1319 3638 quaest-

152 3668 235 3732 ionis
269 3670 419 3734 rationem
454 3669 680 3733 instituendam
714 3689 842 3733 normae
877 3687 914 3732 ac
942 3667 1066 3746 regulae
1094 3667 1320 3731 desumendum

151 3779 210 3859 sit,
237 3779 329 3850 facile
351 3780 552 3866 perspicitur.
597 3780 665 3844 Non
690 3780 790 3845 solum
815 3781 898 3845 euim
921 3799 984 3844 non
1003 3780 1197 3863 poterimus,
1231 3779 1319 3842 utin

151 3891 304 3956 Tristium
327 3891 432 3973 libris,
457 3891 496 3956 ad
520 3892 635 3956 seriem
659 3894 849 3970 carminum,
875 3911 954 3974 quae
978 3889 1092 3955 tradita
1115 3897 1176 3968 esi,
1199 3894 1321 3973 tempu-

150 4023 218 4068 rum
244 4005 461 4087 quaestionem
485 4003 655 4088 applicare,
681 4003 737 4068 sed
760 4024 800 4067 ue
817 4023 854 4068 ea
870 4003 995 4086 quidem
1013 4002 1106 4066 venia
1121 4000 1318 4084 relinquitur,

150 4123 185 4179 ut
218 4113 362 4180 terminis
393 4114 603 4199 quibusdam,
643 4115 757 4198 quibus
781 4121 844 4178 tres
869 4114 990 4198 priores
1014 4112 1217 4197 epistolarum
1247 4111 1319 4176 libri

132 4205 380 4308 contineantur,
399 4227 587 4309 constitutis,
611 4227 693 4291 intra
708 4227 845 4311 spatium
864 4227 922 4290 hoc
936 4226 1028 4290 modo
1046 4225 1318 4309 circumscriptum

150 4337 276 4419 singula
298 4339 437 4403 carmina
459 4339 649 4404 distribuere
678 4337 755 4402 satis
778 4337 960 4404 habeamus.
1006 4335 1104 4401 lmmo
1128 4338 1161 4401 in
1185 4335 1317 4417 singulis
1421 4403 1424 4410 ,
