3184 5008
166 557 283 637 Quarta
327 558 520 640 significatur
562 558 675 639 hieme,
720 560 809 623 cuius
854 557 1013 623 molestias
1055 564 1149 643 poeta
1183 559 1215 622 in
1255 560 1326 644 ipsa

160 649 291 752 seythia
313 688 484 753 perpessus
501 670 550 736 sit.
586 668 684 745 Quam
702 687 771 734 esse
789 669 911 733 hiemen
929 689 1080 733 annorum
1096 671 1197 743 11113
1213 676 1325 754 postea

161 780 348 860 rationibus,
373 800 452 863 quae
475 779 513 844 ab
537 799 574 843 ea
596 779 762 862 sententia,
787 799 848 864 qua
866 779 1011 844 Ovidium
1038 780 1168 844 brumali
1184 785 1324 866 tempore

163 891 279 955 Tomos
302 891 427 956 venisse
451 891 627 971 statuimus,
653 910 714 954 non
737 889 898 978 pendent„
913 890 1189 957 demonstrabitur.
1234 891 1323 956 Unde

163 1001 307 1082 efficitur,
344 1002 445 1085 ipsam
481 1001 613 1066 hiemem
650 1002 1322 1086 1111111911),111111111111111111,

162 1114 190 1178 ei
212 1114 245 1176 in
270 1112 399 1197 Scythia
421 1113 575 1194 cognitam
602 1133 681 1179 csse.
721 1113 784 1178 Sed
808 1133 877 1178 cum
907 1114 983 1178 haec
1004 1129 1055 1178 res
1071 1120 1181 1198 postea
1200 1113 1324 1178 demum

161 1223 200 1288 ad
223 1223 376 1306 liquidum
401 1224 532 1308 perduoi
555 1225 666 1308 possit,
700 1225 745 1288 ita
767 1225 800 1287 in
824 1225 1029 1307 sequentibus
1052 1224 1321 1305 ratiocinabimur,

161 1343 196 1398 ut
228 1342 332 1400 utrum
365 1341 460 1419 poeta
493 1336 606 1400 hiemis
641 1338 680 1400 an'
715 1336 799 1400 veris
833 1342 973 1420 tempore
997 1336 1113 1400 Tomos
1135 1336 1266 1417 venerit,
1290 1337 1323 1400 in

161 1446 264 1514 modio
288 1445 490 1529 relinquatur.
540 1482 543 1490 ,
580 1523 583 1527 ι

247 1665 310 1730 lam
334 1674 436 1731 autem
461 1669 541 1732 iacto
566 1689 601 1732 eo
625 1668 839 1748 fundamento,
875 1665 958 1752 quod
985 1669 1075 1733 initio
1100 1668 1322 1752 disputationis

160 1777 407 1859 desiderabatur,
431 1778 616 1862 accedamus
644 1779 682 1842 ad
710 1779 860 1844 Tristium
878 1780 975 1844 libros
992 1801 1048 1864 per
1067 1779 1206 1862 singulos
1220 1797 1319 1842 annos

159 1888 403 1953 distribuendos.
428 1927 466 1936 -
491 1888 581 1965 Quod
604 1896 707 1954 tamen
731 1889 799 1953 fieri
822 1909 886 1954 uon
913 1896 1028 1974 potest,
1052 1890 1115 1954 nisi
1138 1890 1321 1974 praemissis

156 2000 265 2083 paucis
289 1999 327 2064 de
350 1985 478 2064 externa
499 1999 650 2064 librorum
675 2002 896 2084 formosaque
919 2002 1053 2082 ratione,
1078 2021 1139 2083 qua
1155 2000 1229 2065 editi
1247 2020 1316 2064 esse

157 2111 332 2192 videantur,
355 2111 496 2194 reposito
520 2109 642 2176 scilicet
664 2109 746 2175 libro
770 2111 919 2190 secundo,
938 2112 990 2193 qui
1007 2130 1069 2175 uon
1083 2105 1132 2174 est
1144 2111 1316 2175 carminum

157 2239 280 2306 corpus,
305 2221 360 2286 sed
384 2241 479 2286 unum
504 2223 750 2306 continuumque
773 2243 852 2307 opus
876 2223 915 2286 ad
939 2222 1090 2307 epistolae
1113 2223 1242 2286 formam
1269 2241 1315 2285 re·

156 2332 288 2397 dactum.
322 2331 425 2397 Habet
447 2339 549 2397 autem
574 2332 764 2416 reliquomm
788 2332 939 2398 librorum
963 2348 1049 2397 unus·
1069 2333 1201 2416 quisque
1226 2352 1315 2396 suum

156 2442 380 2527 prooemium,-
403 2462 463 2526 quc
498 2449 592 2527 poeta
625 2443 672 2508 vel
696 2444 798 2528 ipsum
822 2443 959 2508 libellum
985 2444 1077 2508 modo
1100 2444 1132 2507 in
1156 2441 1315 2527 publicum

154 2553 349 2637 proditurum
378 2553 415 2636 (l,
441 2555 483 2636 1),
518 2552 567 2617 vel
601 2553 746 2618 lectorem
781 2553 845 2638 (lv,
872 2558 899 2632 1,
925 2553 961 2632 V,
987 2557 1018 2637 1)
1056 2552 1233 2636 alloquitur,
1268 2553 1316 2617 vel

152 2661 266 2728 librum
290 2665 354 2728 iam
376 2663 486 2728 urbem
509 2665 685 2743 ingressum
712 2663 891 2748 loquentem
912 2663 1035 2730 inducit
1051 2663 1116 2748 (lll,
1132 2667 1172 2746 1).
1209 2665 1315 2749 Neque
1357 2647 1360 2662 ’

153 2775 258 2838 minus
291 2782 433 2858 apertum
467 2782 525 2856 111,
561 2775 670 2840 ultima
704 2777 844 2840 carmina
866 2777 973 2861 primi,
996 2777 1092 2858 tertii,
1117 2777 1217 2860 quarti
1241 2774 1312 2839 libri

158 2884 274 2970 epilogi
297 2887 330 2950 in
352 2887 478 2951 modum
504 2887 627 2950 adiecta
649 2906 727 2951 esse.
763 2885 901 2964 Quorum
926 2887 1060 2968 duobus,
1084 2907 1146 2972 qua
1161 2886 1318 2952 scribendi

152 2997 336 3062 condicione
369 3017 444 3062 usus
479 2998 529 3079 111,
565 2997 693 3082 exponit
715 2996 751 3082 (Ι,
777 2999 827 3078 11,
851 2997 902 3079 ΙΙΙ,
928 2998 991 3079 14),
1025 3019 1086 3062 uno
1122 2997 1256 3081 amplius
1280 2997 1318 3060 dc

153 3108 259 3193 priore
281 3109 348 3172 vita
371 3129 428 3172 sua
451 3109 628 3192 studiisque
651 3109 715 3190 agit
738 3108 804 3192 (IV,
822 3111 885 3192 10).
919 3109 1112 3186 Quinetiam
1129 3107 1200 3172 libri
1218 3107 1318 3191 quinti

156 3217 290 3302 epistola
313 3218 434 3283 decima
457 3227 578 3302 quarta,
596 3240 784 3304 quamquam
803 3226 868 3284 tota
884 3221 915 3284 in
933 3221 1040 3284 uxoris
1056 3219 1147 3284 laude
1162 3227 1315 3299 versatur,

158 3328 254 3394 simili
278 3349 406 3394 munere
429 3331 590 3412 fungitur.¹
621 3329 698 3394 Nam
723 3331 767 3394 ita
789 3351 839 3396 res
857 3336 1020 3412 tractatur,
1038 3338 1072 3395 ut
1088 3336 1211 3414 poetam
1229 3330 1318 3412 quasi
1421 3393 1424 3403 g

156 3439 249 3504 linem
276 3439 436 3523 imponere
458 3440 594 3506 voluisse
625 3461 864 3523 cognoscamus,
898 3442 926 3506 ei
961 3443 1132 3506 carminum
1169 3440 1319 3516 materiei,

157 3569 247 3634 quam
273 3549 370 3615 semel
392 3549 423 3614 in
449 3551 580 3632 singulis
603 3551 762 3636 prioribus
785 3551 886 3633 libris,
916 3559 1025 3637 quater
1047 3553 1079 3615 in
1104 3553 1213 3635 quinto
1237 3564 1318 3615 trac-

155 3666 276 3726 tavcrat
297 3661 333 3744 (l,
347 3662 378 3744 6,
401 3660 452 3736 111,
466 3663 497 3742 3,
521 3662 572 3743 IV,
590 3665 621 3744 3,
647 3662 684 3742 V,
701 3666 730 3740 2,
756 3662 792 3743 V,
809 3665 840 3740 ὃ,
865 3662 901 3745 V,
927 3665 977 3743 11,
1003 3662 1038 3743 V,
1059 3663 1121 3744 14).
1159 3661 1316 3738 Quamob-

155 3795 220 3840 rem
243 3781 340 3838 totum
365 3794 490 3840 carmen
507 3774 617 3840 laetam
635 3775 791 3858 quandam
819 3775 948 3861 perlecti
974 3775 1079 3858 operis
1093 3774 1317 3838 conscientiam

157 3887 256 3971 spirat
278 3887 317 3950 cf.
339 3906 367 3950 v,
393 3888 410 3949 1
434 3905 497 3969 sq:
945 3870 948 3878 ¹

290 3997 434 4072 Quanta
456 3997 516 4060 tibi
539 3997 679 4061 dederim
701 3999 819 4061 uostris
842 3998 1038 4060 monimenta
1059 3997 1188 4074 libellis,

321 4169 324 4176 .
359 4109 383 4171 O
406 4109 485 4170 mihi
508 4127 567 4185 1111,
591 4109 739 4187 coniunx,
763 4109 873 4188 carior,
896 4109 967 4189 ipsa
989 4109 1087 4171 videa.

243 4216 350 4301 ltaque
373 4237 434 4281 non
458 4222 562 4302 potest
585 4216 732 4297 dubitari,
757 4219 832 4301 quin
852 4217 1002 4282 Tristium
1027 4219 1166 4282 carmina
1188 4217 1226 4282 ab
1249 4219 1319 4301 ipso

157 4311 253 4413 poeta
276 4344 351 4392 cura
372 4332 405 4392 ct
426 4327 591 4409 diligentia
612 4327 645 4392 in
663 4326 814 4393 librorum
830 4330 962 4394 formam
982 4331 1120 4409 redacta,
1139 4327 1318 4412 singulique
1424 4415 1426 4422 Ι
