3184 5008
728 325 853 410 -323
902 383 933 390 ..

250 552 319 598 sere
343 532 512 608 studuisse,
538 533 648 597 sedin
671 533 741 617 ipso
765 533 983 616 componendo
1007 553 1076 597 eum
1100 554 1136 598 eo
1161 533 1409 598 duoieonsenta-

247 663 341 708 neum
365 649 441 724 erat,
465 650 500 707 ut
521 663 571 707 res
596 644 729 707 maxime
753 644 894 709 diversas
918 644 1066 728 deinceps
1090 648 1246 709 traotaret,
1292 642 1408 721 Quam-¹

250 754 356 818 obrem
391 754 462 838 ipsa
495 753 548 817 illa
581 755 741 835 varietate,
781 773 860 837 quae
893 773 1117 837 nonnunquam
1152 745 1407 839 deprehenditur,

247 883 285 927 ea
307 865 474 943 sententia,
511 885 572 947 qua
607 873 783 949 temporum
819 865 961 929 ordinem
996 870 1155 930 servatum
1180 886 1248 931 esse
1272 867 1410 950 ponitur,

247 976 482 1040 commendatur
505 977 603 1056 magis
627 995 718 1058 quam
743 976 905 1053 refutatur.
951 973 1092 1056 Aooedit,
1117 977 1200 1059 quod
1215 976 1411 1059 ubicunque,

246 1086 370 1169 quando
394 1105 518 1152 carmen
542 1085 668 1171 aliquod
685 1088 834 1171 seriptum
853 1089 903 1166 sit,
922 1087 1044 1152 deliniri
1063 1092 1179 1171 potest,
1196 1088 1259 1152 iere
1283 1105 1408 1172 semper

169 1223 173 1233 ·
246 1195 421 1280 temporum
447 1199 559 1261 seriem
584 1217 645 1262 non
671 1197 874 1262 disturbatam
900 1219 968 1262 esse
1000 1199 1212 1279 cognoscitur,
1243 1203 1277 1261 ut
1298 1197 1410 1262 Sohul·

247 1307 316 1372 zius
339 1308 446 1390 priore
463 1309 686 1392 disputationis
704 1314 794 1393 parte
811 1309 976 1373 ostendere
994 1316 1122 1373 conatus
1139 1314 1197 1387 est,
1222 1328 1408 1393 quamquam

251 1425 444 1499 argumenta,
469 1438 548 1502 quae
571 1418 724 1499 adhibuit,
748 1439 809 1483 non
832 1420 949 1502 ubique
978 1421 1053 1484 satis
1076 1419 1166 1484 firma
1189 1439 1258 1484 esse
1281 1427 1410 1484 eonten-

254 1528 362 1592 derim.
406 1528 514 1612 ltaque
538 1531 606 1594 sine
640 1530 702 1594 ullo
735 1529 887 1613 panionia,
927 1530 1133 1614 quodeunque
1157 1549 1281 1594 carmen
1305 1531 1409 1612 priore

247 1637 316 1702 loeo
339 1641 476 1722 positum
501 1641 570 1720 erit,
595 1642 699 1724 priore
732 1646 874 1725 tempore
909 1641 1115 1724 compositum
1140 1647 1323 1720 statuemur,
1347 1641 1408 1704 nisi

51 1749 279 1865 wgo
304 1749 436 1831 singulis
460 1751 654 1816 certissimas
677 1771 788 1816 causas
812 1751 936 1817 obstare
960 1751 1139 1850 opmnebit.

330 1972 386 2038 llis
410 1957 596 2057 praemissis
612 1974 685 2038 lieet
701 1975 732 2038 in
749 1975 885 2059 primum
903 1975 927 2038 Τ
931 1975 1052 2039 ristium
1069 1973 1182 2038 librum
1199 1975 1403 2057 inquiramus

245 2084 344 2161 Quem
358 2092 455 2149 totum
468 2090 638 2169 perfeetum
653 2105 723 2150 esse
735 2087 767 2150 in
778 2086 891 2178 itinere
903 2069 1004 2148 navali
1017 2091 1110 2171 poeta
1124 2069 1406 2168 dieite.11,lsqq.:

395 2198 515 2261 Littera
537 2215 743 2278 quaeeunque
766 2201 816 2261 est
837 2201 904 2261 toto
926 2199 988 2261 tibi
1009 2199 1092 2261 leota
1114 2199 1232 2274 libello,

446 2309 501 2371 Est
522 2310 602 2370 mihi
625 2309 780 2372 sollicitae
802 2313 944 2388 tempore
965 2310 1050 2372 faeta
1071 2310 1150 2388 viae,

394 2419 461 2482 Aut
473 2421 553 2482 hano
565 2439 625 2498 me,
640 2420 742 2498 gelido
755 2424 921 2483 tremerem
933 2439 1006 2482 oum
1016 2438 1124 2483 mense
1134 2419 1310 2499 Derembri,

447 2531 644 2594 Soribentem
667 2532 781 2595 mediis
804 2532 924 2594 Hadria
945 2533 1026 2594 vidit
1048 2533 1150 2611 aquis

394 2641 461 2704 Aut
483 2646 653 2722 postquam
676 2661 772 2705 eursu
793 2644 949 2706 bimarem
972 2644 1193 2722 superavimus
1217 2643 1370 2720 Isthmon,

444 2753 615 2833 Altereque
639 2757 687 2816 est
709 2757 836 2816 nostrae
858 2757 988 2833 sumpta
1010 2755 1117 2816 oarina
1139 2754 1240 2832 fugae,

759 2883 785 2928 e.
810 2884 838 2944 q.
863 2883 887 2928 s.

329 2977 431 3056 Atque
454 2973 514 3038 hoo
534 2975 638 3058 ipsum
657 2975 783 3058 quidem
802 2993 926 3039 oarmen
942 2976 974 3039 in
990 2975 1068 3038 mari
1086 2975 1201 3038 factum
1214 2993 1283 3038 esse
1299 2973 1402 3059 planis

243 3085 347 3150 verbis
372 3084 559 3150 declaratur:
584 3107 610 3151 v.
636 3087 677 3150 23
700 3095 784 3168 squ:

395 3197 598 3276 Quocumque
621 3198 741 3278 aspexi,
764 3199 811 3260 nil
833 3201 890 3277 est,
914 3199 977 3262 nisi
999 3199 1111 3261 mortis
1134 3199 1247 3276 imago,

368 3309 370 3313 ’
445 3308 546 3382 Quam
568 3309 667 3400 dubia
687 3309 785 3372 timeo
807 3313 923 3387 mente,
945 3310 1124 3389 timensque
1146 3327 1263 3388 prebor.

394 3418 539 3497 Attigero
562 3424 700 3499 portum,
723 3424 817 3499 portu
839 3421 980 3484 terrebor
1001 3420 1143 3498 abipso:

444 3529 520 3593 Plus
542 3531 639 3593 habet
663 3532 780 3612 infesta
801 3535 891 3594 terra·
907 3531 1031 3593 timoris
1055 3549 1138 3610 aqua

709 3643 940 3721 mumma

393 3752 497 3815 laetor
518 3753 552 3816 in
575 3755 729 3817 indomito
752 3754 893 3816 brumali
915 3753 985 3817 luoe
1007 3754 1172 3834 profundo,

444 3863 579 3943 Ipsaque
598 3864 751 3927 caeruleis
774 3865 884 3927 obarta
905 3865 1018 3928 feritur
1039 3866 1140 3946 equis

759 3993 785 4038 e.
810 3994 838 4054 q.
863 3994 888 4038 e.

326 4081 532 4164 Quibuscum,
557 4083 713 4166 quomodo
726 4083 798 4164 alia,
816 4084 939 4168 quaein
953 4085 1063 4151 eodem
1076 4084 1213 4149 carmine
1226 4088 1405 4163 occurrunt,

241 4194 401 4258 ooneiliari
436 4195 571 4279 possint,
606 4200 719 4279 postea
752 4215 948 4279 quaeremus.
1003 4195 1093 4260 Nune
1126 4193 1302 4277 videamus,
1329 4213 1404 4258 num

242 4305 349 4370 eadem
386 4305 544 4370 scribendi
577 4307 721 4371 oondioio
755 4308 787 4370 in
816 4308 945 4392 reliquis
967 4327 1091 4391 quoque
1113 4306 1184 4372 libri
1208 4306 1400 4372 carminibus
