3184 5008
628 377 837 448 ·-,17····

144 575 288 636 gressum
324 579 395 624 esse
429 566 609 627 statuamus.
661 561 855 645 Quamquam
883 583 946 628 uon
980 565 1057 630 aden
1091 565 1192 632 locum
1220 567 1307 632 ilium

146 685 289 750 premere
318 667 407 750 licet,
435 675 471 736 11
496 691 595 736 unum
618 672 814 756 eundemque
845 674 919 738 anni
953 674 1034 740 diem
1070 681 1101 741 11
1122 677 1308 742 adveniendi

145 782 176 841 11
199 776 291 843 huius
316 773 463 846 carminis
486 782 697 865 componendi
719 765 930 850 1111111111
953 786 1208 868 persuadeamus.
1245 789 1308 854 Sed

144 887 270 953 etiamsi
299 910 362 954 non
389 891 429 955 ad
452 894 602 956 amussim
619 893 720 957 uerba
741 895 999 978 interpretemur,
1023 900 1092 962 tota
1114 899 1307 982 computatio

146 1017 208 1062 non
233 1001 442 1084 perturbatur.
479 1001 557 1066 Nam
573 1022 676 1086 neque
691 1003 795 1087 priore
810 1003 924 1092 hiemis
940 1010 1041 1089 parte,
1054 1027 1155 1090 neque
1170 1016 1243 1093 post
1257 1010 1305 1073 in·

146 1129 282 1192 sequens
294 1132 349 1175 ver
360 1119 484 1197 poetam
503 1113 681 1194 advenisse,
694 1113 792 1178 altera
808 1115 1015 1181 ratiocinandi
1029 1118 1080 1182 via
1096 1119 1304 1202 assequimur,

144 1241 237 1304 quam
254 1241 338 1287 nunc
352 1224 525 1304 ingressuri
542 1245 659 1290 sumus.
695 1224 781 1302 Quae
798 1227 824 1291 si
839 1227 959 1306 eodem,
970 1248 1030 1310 qun
1047 1229 1139 1294 modo
1154 1230 1305 1310 adhibita,

142 1351 202 1395 nos
213 1332 405 1415 perduxerit,
420 1336 604 1400 sententiam
622 1343 760 1400 nostram
775 1338 850 1402 satis
864 1337 1031 1404 stabilitam
1046 1339 1303 1406 existimabimus.

229 1443 316 1507 italia
342 1444 451 1508 relicta
480 1443 627 1510 Ovidium
658 1445 790 1511 brumali
816 1454 973 1533 tempore,
1009 1469 1115 1516 manse
1139 1449 1305 1514 Decembri

141 1573 201 1638 per
234 1575 319 1618 mare
343 1553 556 1620 Hadriaticum
590 1563 710 1622 vectum
748 1577 832 1639 esse,
868 1560 1066 1643 apertissime
1088 1561 1244 1625 indicatur
1267 1583 1304 1626 ex

138 1661 174 1729 P.
194 1664 231 1746 11,
257 1667 285 1746 7,
309 1665 349 1729 57
374 1685 423 1748 sq:

297 1775 348 1840 Fit
370 1777 443 1856 iuga
465 1776 660 1861 temporibus
682 1777 793 1844 levior:
823 1779 981 1864 proiectus
1004 1782 1036 1846 in
1060 1801 1178 1865 aequor

281 1951 282 1956 ,
345 1885 513 1950 Arcturum
539 1883 620 1947 subii
645 1881 878 1968 Pleiadumque
901 1887 1011 1952 minas.

420 2043 422 2052 t
528 1997 559 2056 et
581 1990 675 2057 Trist.
699 1989 722 2070 1,
747 1994 798 2071 11,
822 1992 842 2056 3
864 2011 926 2074 sq:
1248 2075 1249 2082 ¹

187 2099 251 2162 Aut
264 2097 335 2182 bam
347 2099 398 2179 (st.
406 2096 622 2180 litteram)me‚
635 2097 738 2178 gelido
750 2103 914 2162 tremerem
927 2117 997 2162 oum
1011 2099 1300 2184 manseDecambri‚

229 2207 423 2272 Scribentem
448 2208 561 2272 mediis
584 2207 702 2272 Hadria
725 2209 804 2274 vidit
825 2210 916 2292 aquis
940 2258 1075 2276 .....

225 2317 419 2402 Quamquam
442 2319 538 2400 igitur
560 2339 667 2384 eorum
693 2339 794 2402 curas,
819 2320 873 2403 qui
900 2339 916 2386 e
937 2320 1094 2386 sideribus
1111 2323 1299 2405 quibusdam

140 2429 172 2492 in
208 2430 401 2494 carminibus
435 2429 529 2494 Trist.
553 2429 575 2510 1,
611 2431 630 2494 3
665 2437 695 2494 et
729 2432 749 2494 4
784 2434 1034 2498 commemoratis
1068 2453 1168 2518 paene
1194 2437 1299 2518 ipsum

138 2541 342 2624 protectionis
354 2575 355 2584 1
365 2541 448 2604 diem
470 2540 600 2606 definire
616 2550 831 2627 susceperunt,
856 2549 887 2608 et
897 2563 993 2610 vanas
1006 2549 1038 2610 et
1052 2565 1299 2630 supervacaneas

137 2670 219 2731 esse,
244 2649 407 2716 Massonus
432 2652 571 2716 ostendit
594 2651 644 2735 (ci.
669 2653 708 2740 ad
731 2673 800 2719 ann.
814 2653 868 2735 111,
887 2657 995 2737 1-2),
1018 2655 1106 2720 11111
1130 2677 1165 2720 ex
1187 2656 1298 2722 ultimo

137 2764 232 2846 primi
266 2761 416 2828 Tristinm
451 2762 524 2827 libri
558 2765 695 2829 carmine
729 2765 914 2850 desumptus
945 2766 972 2830 is
995 2772 1054 2848 est,
1078 2771 1123 2849 ut,
1148 2769 1174 2832 si
1197 2769 1299 2852 possit

137 2876 216 2956 erui,
255 2857 406 2958 quantum
440 2875 591 2960 temporis
625 2876 761 2958 spatium
796 2882 889 2960 poeta
922 2877 1033 2942 itinere
1057 2881 1296 2962 consumpserit,

137 2987 201 3050 iam
224 2985 364 3070 patefiat,
389 3005 450 3069 qua
472 2986 546 3050 anni
569 2992 656 3070 parte
681 2985 812 3051 Pontum
837 2987 1009 3053 intraverit

220 3095 280 3160 Hic
316 3103 418 3161 autem
457 3097 612 3161 succurrit
647 3097 720 3161 libri
754 3098 848 3181 primi
881 3117 1007 3164 carmen
1041 3098 1294 3182 decimamque

135 3207 272 3272 maxima
293 3207 415 3272 itineris
439 3227 512 3292 pars
536 3208 613 3302 satis
636 3213 778 3284 accurate
803 3208 1000 3291 describitur,
1018 3205 1207 3293 quamquam
1228 3231 1293 3276 uon

134 3318 241 3382 omnia
262 3323 324 3382 1111
355 3317 450 3402 plana
472 3324 555 3398 sunt,
592 3323 629 3383 11
661 3319 764 3403 primo
801 3318 910 3385 obtutu
942 3319 1032 3386 111111
1058 3320 1293 3400 intellegantur.

133 3429 238 3512 Atque
275 3429 461 3514 interpretes
501 3430 628 3514 quidem
664 3429 889 3494 Burmanniani
922 3432 968 3496 rei
998 3430 1069 3516 plus
1091 3430 1292 3498 tenebrarum
1323 3473 1326 3479 -

134 3539 341 3622 obduxerunt,
366 3560 457 3625 quam
481 3523 560 3606 lucis
583 3545 796 3626 asperserunt.
828 3540 992 3606 Massonus
1016 3541 1054 3606 de
1073 3562 1114 3607 ea
1136 3544 1197 3626 (ad.
1222 3562 1293 3610 ann.

134 3649 188 3734 IX,
214 3653 258 3733 2),
281 3657 316 3716 11
338 3670 474 3736 semper,
499 3649 575 3716 sano
598 3651 715 3724 iudicio
738 3671 840 3734 neque
860 3657 965 3716 111111
984 3653 1060 3718 satis
1077 3653 1203 3738 eopiosa
1220 3653 1292 3734 agit.

134 3760 297 3827 Describit
330 3767 424 3847 poeta
461 3762 588 3828 alteram
625 3769 746 3847 partem
779 3762 901 3830 itineris
935 3762 1054 3828 navalis
1078 3782 1096 3828 a
1117 3761 1288 3840 Cenchreis

135 3871 344 3966 Corinthiacis
367 3891 559 3958 percursam.
582 3894 610 3940 r.
636 3873 675 3938 15
697 3893 780 3956 sqq:

285 3981 372 4060 Quae
386 3984 456 4069 (set.
468 3984 571 4068 naris)
584 3982 677 4050 simul
688 3983 818 4053 Aeoliae
829 4004 917 4050 mare
927 4004 978 4050 me
990 3985 1120 4052 deduxit
1131 3985 1163 4048 in
1177 3983 1281 4049 Helias

334 4093 376 4160 Et
398 4095 526 4179 tongum
549 4095 638 4160 tenui
661 4093 759 4161 limite
781 4096 857 4162 feeit
878 4096 949 4179 iter,

281 4203 440 4271 Fleximus
462 4207 494 4270 in
517 4205 638 4271 laevum
663 4225 773 4271 cursus
796 4213 827 4272 et
848 4207 887 4272 ab
909 4207 1034 4272 Actoris
1059 4207 1137 4272 urbe

333 4315 484 4382 Venimus
507 4317 547 4382 ad
569 4322 691 4401 portus,
715 4316 831 4382 lmbria
852 4323 947 4400 terra,
969 4323 1050 4382 tuos.
