3178 5018
639 315 847 405 -ssd-

248 501 354 580 ldieeie
369 503 467 594 igitur
483 501 535 578 nis,
546 502 634 590 uiris,
658 501 823 592 inmunde
846 503 888 570 eit
909 502 977 588 eins
1000 501 1106 582 amici,
1122 502 1324 588 .qui„‚epieto·‚

161 613 223 686 lem
254 613 346 690 illurn,
367 613 503 706 pccepit,
532 614 634 694 imago
662 633 875 698 exponemuer
899 612 973 682 Fuit
993 613 1041 680 vir
1063 625 1125 702 non
1148 611 1327 693 nobilitate,

164 723 229 802 sed,
243 725 319 798 eutis
342 725 484 814 poeticae
504 744 612 799 ,amore
639 730 872 814 poetarumque
906 723 1053 792 amicitiis
1076 723 1218 810 insignis.
1265 721 1326 790 Ne.-

165 855 226 930 que
242 834 369 905 dubium
389 840 449 915 est,
473 836 548 919 quin
571 836 599 903 is
622 840 716 916 esset,
741 835 794 920 qui
815 840 924 924 poscet
946 835 1054 903 utilem
1077 854 1183 906 euram
1206 833 1245 904 de
1269 834 1325 924 ub·

167 945 265 1020 sende
301 951 412 1036 poetae
433 945 523 1013 libris
547 945 669 1014 hebere.
691 1011 694 1017 ,
720 944 788 1028 Quo
823 943 955 1016 Ovidius
988 951 1161 1015 commotus
1195 929 1260 1026 est,
1294 951 1328 1013 ut

167 1055 318 1132 Tristium
340 1055 453 1127 librum
478 1056 615 1136 tertium,
639 1056 690 1123 cui
713 1056 851 1128 carmine
874 1055 995 1126 decimo
1019 1062 1127 1142 quarto
1150 1055 1243 1134 linem
1266 1055 1326 1123 inr-

165 1166 266 1253 ponit,
290 1167 318 1232 ei
342 1167 493 1246 mitteret,
516 1166 629 1231 edendi
652 1166 920 1252 propagandique,
945 1171 979 1230 ut
999 1165 1133 1246 videtur,
1157 1185 1262 1252 curam
1287 1163 1328 1241 ad

167 1297 238 1347 eum
261 1277 431 1353 transferre
454 1297 516 1345 non
540 1277 667 1347 veritus.
712 1276 875 1345 Nem-une.
899 1276 940 1344 25
956 1297 1008 1360 eq:
1218 1349 1222 1352 ,

312 1389 383 1458 Hoc
405 1407 531 1470 quoque
552 1390 658 1455 nescio
682 1389 760 1470 quid
781 1390 900 1457 nostrie
919 1407 1041 1475 appone
1062 1389 1191 1466 libellie,

366 1499 498 1576 Diverso
520 1500 656 1567 missurn
678 1501 766 1580 quod
785 1500 846 1564 tibi
868 1501 914 1574 ab·
932 1501 1006 1572 orbe
1027 1500 1115 1565 uenit

167 1629 231 1682 non
260 1609 300 1676 de
327 1629 389 1680 une
415 1607 563 1696 epistole,
587 1609 643 1682 sed
670 1609 709 1674 de
740 1614 805 1676 toto
827 1607 907 1681 libro
929 1608 1158 1690 intellegendae
1178 1628 1266 1690 esse,
1290 1627 1328 1674 eo

170 1720 343 1802 evincitur,
371 1719 462 1804 quod
477 1725 571 1806 poete
593 1739 630 1786 ea
653 1717 789 1802 „libelli”
812 1719 891 1791 vitie
913 1725 1054 1802 excuset,
1085 1719 1198 1804 quibus
1221 1718 1327 1784 omnio

168 1831 309 1896 carmine
341 1827 427 1899 exilii
455 1836 596 1919 tempore
624 1832 801 1917 compositu
826 1829 968 1902 laborare
995 1851 1066 1898 eum
1093 1851 1157 1896 non
1180 1831 1260 1912 fugit
1287 1832 1328 1913 (v.

166 1943 208 2010 29
224 1943 316 2026 sqq),
332 1940 443 2010 ¹Peene
465 1947 567 2014 eutem
591 1940 676 2014 nullo
699 1941 848 2016 vocabulo
871 1962 934 2010 uon
951 1941 1079 2009 Brutum
1096 1941 1330 2024 cognoscimus..

170 2051 386 2122 Eudemfidei
409 2053 539 2136 mentio,
567 2052 674 2123 eedem
698 2051 848 2122 librorum
872 2053 1114 2134 commendatio,
1141 2052 1224 2118 idem
1248 2052 1333 2128 vitiu,

168 2183 274 2228 eorum
292 2162 462 2228 excusandi
478 2161 616 2240 studium
632 2162 801 2246 invenitur,
823 2161 908 2230 idem
924 2163 1059 2248 deniqne
1074 2162 1223 2245 officium,
1240 2161 1323 2246 quod

165 2273 198 2338 in
226 2273 329 2359 prime
356 2272 505 2340 librorum
530 2294 568 2340 ex
590 2272 692 2342 Ponto
715 2274 863 2366 epistole,
892 2273 944 2342 hic
966 2294 1090 2358 quoque
1113 2275 1212 2338 emico
1235 2293 1323 2338 mnn-

163 2384 266 2450 dntnr.
306 2382 499 2469 Quemquam
524 2384 680 2476 dubitatio
703 2386 841 2452 fortasse
858 2385 931 2452 inde
954 2385 1089 2453 existere
1103 2391 1217 2471 potest,
1241 2383 1325 2468 quod

164 2494 345 2579 eloquentie
377 2500 410 2561 et
441 2497 568 2580 negotia
599 2495 753 2578 forensia,
787 2497 820 2562 in
854 2496 968 2582 quibus
997 2497 1127 2566 Brutum
1154 2495 1324 2582 plurimum

163 2589 322 2679 versatum
350 2625 420 2676 esee
443 2626 481 2673 ex
503 2607 637 2692 epistole
659 2628 697 2672 ex
717 2606 753 2682 Ρ,
775 2607 833 2692 IV,
862 2609 882 2672 6
905 2609 1126 2692 cognorimus,
1153 2627 1215 2677 non
1240 2627 1324 2675 eom·

165 2723 388 2788 memorentur.
433 2715 495 2784 Sed
524 2719 557 2783 in
580 2717 721 2804 epistolis
745 2738 869 2806 quoque
889 2739 929 2784 ex
950 2718 985 2786 P.
1009 2719 1039 2800 l,
1068 2721 1084 2783 1
1109 2724 1141 2784 et
1161 2719 1217 2790 lll.
1244 2721 1263 2783 9
1287 2719 1325 2793 de

163 2829 224 2898 hec
246 2849 280 2895 re
303 2827 399 2900 cltum
423 2827 592 2898 silentium.
637 2827 846 2906 Quomoorem
868 2848 968 2918 poene
990 2836 1104 2896 oedem
1129 2850 1199 2896 esse
1221 2829 1324 2897 iudico

161 2938 306 3024 Ilochii1)
341 2947 373 3005 et
397 2939 588 3024 Lorentzii2)
619 2941 821 3022 sentenciam,
846 2941 898 3025 qui
926 2940 965 3007 ed
997 2938 1129 3007 Brutum
1152 2941 1232 3011 hano
1252 2942 1322 3026 epi-

164 3050 277 3126 stolem
301 3051 432 3118 missam
456 3071 525 3121 esee
549 3051 787 3122 contenderunt.
811 3089 851 3099 —

251 3161 359 3247 Neque
381 3163 484 3236 minue
507 3168 593 3229 recte
616 3161 831 3246 torentzind)
854 3162 1010 3232 iudicasse
1033 3162 1167 3246 videtur,
1192 3181 1261 3228 oum
1286 3162 1325 3230 ab

165 3271 228 3364 hoc
250 3273 389 3344 carmine
409 3273 579 3358 profectus,
601 3273 643 3341 cd
666 3273 799 3347 eundem
822 3273 925 3340 virum
948 3271 1051 3348 dotum
1074 3293 1144 3341 esee
1172 3273 1327 3340 conclusit

160 3382 238 3457 libri
261 3383 356 3470 primi
379 3381 546 3469 epistolum
570 3385 748 3470 septimam,
773 3403 852 3470 quae
875 3383 1004 3466 tenoris,
1021 3382 1134 3458 colonie
1151 3385 1327 3468 argumenti

164 3493 373 3568 similitudine
407 3514 500 3578 qnam
533 3496 675 3580 proxime
708 3494 749 3563 ad
782 3493 860 3562 illud
892 3485 1021 3569 accedit.
1072 3494 1248 3563 Nobilitetis
1276 3495 1327 3562 hic

165 3624 292 3697 queque
315 3604 401 3672 nulle
421 3605 457 3672 fit
477 3607 606 3688 mentio,
630 3606 709 3684 fides
731 3606 843 3696 primis
867 3613 1014 3692 quattuor
1027 3605 1171 3674 versibus
1186 3627 1326 3674 summo·

158 3735 241 3802 pere
274 3715 410 3785 effertur.
459 3716 572 3785 Cetere
604 3723 706 3785 nutem
741 3718 889 3786 carminis
921 3739 995 3804 pare
1027 3725 1094 3784 tote
1123 3725 1266 3786 versetur
1293 3720 1327 3789 in

159 3824 459 3913 Metamorphoneon
486 3825 591 3910 libris,
621 3848 699 3912 quoe
727 3834 821 3914 poete
848 3829 985 3898 nondum
1015 3831 1091 3896 satie
1119 3833 1329 3917 perlectoect

232 4005 257 4076 ¹)
274 4005 366 4061 'Koelrz
396 4005 647 4076 Prosopogrephiue
666 4005 814 4062 Ouidienee
840 4007 981 4065 elementa.
1017 4009 1088 4065 Dine.
1122 4009 1235 4065 Breslen
1255 4012 1328 4068 1825.

158 4115 191 4173 p.
208 4099 227 4154 4
243 4100 322 4156 Anne.

185 4197 188 4206 ‘
236 4193 259 4262 2)
279 4194 396 4249 Lorentr
414 4194 432 4250 l.
452 4210 473 4248 e.
490 4212 517 4264 p.
535 4195 568 4248 42
587 4211 626 4266 sq.

234 4286 257 4356 ³]
276 4287 395 4343 Lorente
413 4305 439 4358 p.
457 4289 491 4344 43
508 4305 547 4360 eq.
