3184 5008
631 385 839 449 ,43-

150 571 346 640 carminibus
369 571 545 657 pangendis
580 573 709 637 omnino
743 572 906 646 abstinuit,
931 571 1071 636 earmina
1093 570 1144 652 ili,
1170 577 1182 635 1
1211 581 1242 636 et
1265 571 1317 653 14,

149 681 201 762 Ν,
228 685 258 764 1,
283 684 313 764 2,
338 685 368 763 3,
393 685 423 764 4,
447 683 467 747 5
490 683 721 749 distribuuntur
743 704 800 769 per
821 684 933 766 viginti
956 702 1057 768 paene
1081 701 1216 763 menses,
1239 703 1338 766 quae

151 793 309 858 intersunt
330 793 415 859 inter
436 794 573 878 primum
598 807 652 892 ver
674 797 747 859 anni
773 797 919 878 763110
941 803 972 860 11
994 794 1171 859 vindemiae
1194 800 1318 878 tempus

136 896 224 968 'anni
249 903 397 981 764111.
443 905 522 969 Turn
546 907 693 972 carminis
717 905 768 988 Ν,
795 909 970 990 itempus,¹
994 927 1011 971 e
1035 904 1173 970 Messeni
1196 905 1317 969 ratione

126 1022 212 1079 ‘tam
238 1015 369 1080 mirifioe
392 1035 411 1079 a
433 1022 527 1100 podia
549 1016 758 1098 significatum
794 1025 852 1098 est,
888 1025 922 1081 ut
955 1016 1040 1100 quod
1062 1016 1165 1081 hieme
1191 1016 1317 1080 demum

152 1145 341 1210 componere
374 1129 524 1210 potuerit,
561 1136 654 1212 „post
686 1127 757 1192 ver'’
792 1128 1001 1212 compositum
1027 1147 1097 1193 esse
1120 1126 1317 1191 indicaverit.

152 1230 243 1314 Quod
267 1239 435 1321 utrumque
469 1238 697 1303 alienissimum
728 1245 777 1304 est
809 1245 963 1324 spuens
986 1259 1083 1320 more,
1109 1239 1161 1322 qui
1186 1238 1319 1302 111111-

155 1348 250 1412 bendi
274 1349 454 1414 facilitatem
479 1351 537 1414 hoe
561 1369 685 1433 qnoque
714 1357 856 1435 tempore
880 1351 1026 1430 servavit,
1052 1358 1093 1430 et,
1128 1350 1318 1432 ubieunque,

152 1465 304 1542 quantum
330 1462 480 1545 temporis
503 1461 565 1524 iarn
590 1460 677 1525 exsul
701 1469 785 1525 esset
816 1462 940 1542 indixit,
970 1481 1129 1545 nunquam
1155 1463 1234 1526 nitra
1255 1461 1321 1525 veri

153 1570 232 1636 fines
257 1573 411 1638 mansisse
431 1571 593 1657 ¹putandus
618 1579 675 1652 est,
704 1573 888 1656 praesertim
914 1573 973 1636 hoo
996 1571 1075 1652 loeo,
1101 1592 1162 1656 quo
1187 1572 1319 1636 amioum

154 1683 289 1764 incusat,
325 1684 408 1766 quod
440 1702 498 1768 per
529 1671 632 1748 'totum
668 1683 752 1747 exilii
776 1690 900 1768 tempus
936 1684 1038 1748 adhue
1072 1683 1320 1768 praeterlapsum

156 1795 204 1858 sui
229 1814 292 1858 non
316 1813 436 1858 memor
458 1795 562 1860 fuerit.
598 1793 643 1858 De
667 1795 791 1858 inverso
809 1802 911 1859 autem
929 1795 1080 1878 temporis
1098 1794 1208 1858 ordine
1223 1814 1324 1876 neque

156 1905 323 1970 Massones
346 1906 507 1986 cogitavit,
533 1925 633 1989 neque
651 1907 780 1969 omuino
797 1907 865 1970 sine
882 1906 996 1970 idonea
1012 1925 1107 1970 eausa
1119 1905 1322 1986 cogitandum

158 1997 228 2080 esse
252 2037 348 2100 supra
371 2036 528 2101 exponere
551 2017 654 2080 eonati
679 2037 797 2082 snmus.
843 2015 1009 2083 Sententia
1031 2017 1129 2097 igitur
1151 2017 1219 2080 eius
1239 2021 1323 2080 stare

161 2147 221 2191 non
246 2134 364 2212 potest:
389 2148 575 2211 quamquam
601 2127 690 2192 alteri
714 2129 781 2191 eius
799 2129 895 2191 errori
913 2129 956 2190 ita
971 2127 1061 2190 fusile
1078 2127 1194 2190 mederi
1212 2145 1326 2210 possu-

76 2293 80 2315 ,
161 2260 240 2318 mus,
267 2245 300 2303 ut
321 2239 435 2302 librum
459 2240 584 2303 tertium
610 2259 709 2322 usque
733 2239 770 2302 ad
787 2259 843 2302 ver
859 2239 931 2302 arrei
951 2239 1076 2319 tottii
1103 2238 1324 2317 extendamus3

158 2348 246 2429 alter,
271 2353 324 2434 qui
348 2351 387 2414 ab
412 2350 481 2414 aliia
506 2369 631 2434 quoque
664 2351 729 2415 fere
753 2349 899 2418 omnibus
924 2347 1097 2414 admittitur
1119 2349 1151 2412 in
1176 2349 1321 2413 versibus

160 2461 213 2541 Ν,
239 2463 268 2542 7,
296 2464 311 2525 1
336 2483 383 2544 sq.
409 2462 652 2546 interpretandis
676 2468 786 2546 postea
808 2460 952 2546 pluribus
976 2445 1158 2525 traotandus
1182 2461 1249 2525 erit.

248 2572 412 2638 Simillinre
430 2573 574 2658 Meyerus
594 2575 638 2656 (p.
656 2573 732 2655 459)
757 2573 961 2636 ratiocinatus
978 2580 1032 2637 est.
1079 2571 1141 2636 Sed
1163 2579 1327 2635 1111111111]-

158 2705 270 2770 porum
307 2685 448 2748 ordineni
483 2684 909 2770 11111111111111111111111111111
946 2703 1015 2747 esse
1039 2681 1099 2746 sibi
1121 2685 1327 2766 persuaserit,

159 2815 286 2860 carmen
320 2803 438 2859 sextum
474 2815 537 2858 uon
572 2796 645 2858 anni
683 2795 812 2873 1117611,
848 2793 903 2858 sed
937 2796 1011 2856 anni
1037 2795 1154 2871 tostos
1177 2798 1327 2858 autumno

159 2907 312 2970 attribuit.
358 2905 447 2982 Quod
471 2905 595 2970 utfieri
619 2906 737 2989 possit,
770 2903 858 2968 exilii
883 2912 1048 2968 autumnos
1072 2903 1109 2968 ab
1134 2906 1205 2967 anni
1233 2905 1325 2977 76219

162 3024 311 3083 autumno
335 3019 493 3080 numerari
522 3018 640 3081 statuit.
684 3015 792 3098 Neque
814 3022 918 3079 tamen
947 3016 1148 3096 sententiam,
1172 3016 1210 3078 nd
1235 3035 1328 3098 quam

160 3130 208 3194 sui
235 3129 336 3214 ipsius
354 3147 459 3210 errore
483 3129 571 3212 quasi
596 3128 714 3192 invitus
738 3127 893 3193 deductus
918 3131 975 3199 est,
999 3126 1190 3205 argumentis
1215 3126 1328 3189 oonfir-

158 3260 245 3304 mare
269 3240 395 3303 omnino
419 3240 568 3324 suscepit.

245 3350 423 3414 Graeberus
448 3357 550 3416 autem
575 3352 621 3434 (p.
639 3349 706 3432 Vll)
730 3347 803 3412 inde
821 3347 1039 3433 protenditur,
1064 3356 1100 3412 ut
1119 3353 1245 3431 poetam
1264 3349 1326 3412 iarn

161 3462 363 3538 1111081761
398 3460 569 3541 relegatum
605 3480 675 3525 esse
709 3461 884 3524 contendat.
931 3459 1078 3524 Carmine
1111 3458 1207 3538 igitur
1235 3465 1322 3522 sexto

159 3579 359 3653 autumnum,
391 3572 524 3655 septimo
553 3592 606 3635 ver
629 3572 703 3634 anni
727 3573 843 3644 rostro
865 3570 1035 3652 significari
1059 3571 1232 3648 existimat,
1257 3571 1327 3652 ipso

158 3685 298 3747 earmina
322 3683 361 3746 ad
386 3683 518 3747 hiemem
544 3682 668 3746 demum
693 3683 910 3765 insequentem
934 3681 1041 3746 relato.

246 3793 343 3857 Porro
368 3793 559 3858 Brundesius
590 3795 635 3877 (p.
653 3794 745 3875 350),
775 3794 827 3876 qui
852 3813 975 3857 ourmen
1002 3791 1040 3855 lii
1060 3794 1102 3855 tn
1124 3793 1187 3856 veri
1214 3789 1329 3863 111764

157 3904 382 3989 adsumpserat,
417 3904 455 3968 ad
490 3904 623 3971 eundem
658 3924 773 3969 annum
794 3904 940 3986 idemque
963 3905 1037 3967 anni
1060 3910 1184 3987 tempus
1209 3903 1328 3987 episto·

157 4016 219 4081 lam
247 4016 341 4098 1V‚r
379 4017 536 4100 pertinere
574 4016 741 4080 existimat.
801 4013 886 4094 Ergo
923 4015 1031 4079 eodem
1069 4021 1226 4098 ternpore,
1267 4033 1328 4096 quo

157 4128 238 4191 liber
271 4128 380 4193 tertius
415 4128 517 4193 editus
552 4135 615 4208 est,
650 4128 752 4210 quarti
781 4145 904 4208 quoque
938 4125 1070 4190 dimidie
1092 4145 1164 4210 pars
1188 4125 1329 4210 perfeota
1388 4113 1393 4134 ‘

158 4238 246 4304 enat?
294 4237 375 4315 Quid
404 4244 507 4303 autem
536 4237 574 4304 de
602 4239 740 4302 narmine
763 4237 814 4318 Ν,
839 4238 859 4302 6
888 4237 1074 4304 statuimus?
1121 4236 1226 4301 Utrum
1258 4243 1330 4321 post

157 4350 330 4432 insequens
354 4351 564 4435 compositum
588 4355 649 4428 est,
679 4368 718 4412 an
742 4349 895 4428 autumni,
919 4355 954 4412 ut
977 4347 1120 4431 Meyerus
1144 4347 1257 4428 voluit,
1290 4347 1328 4412 ab
