3184 5008
717 356 924 416 ,111-

163 537 167 546 ’
230 541 432 606 doctissimus
446 541 684 625 disputem-„Ad
703 541 785 606 idem
803 540 927 604 circiter
942 547 1065 624 tempus
1079 561 1135 604 nos
1149 540 1285 605 Velleius
1301 541 1394 605 etiam

229 653 365 742 deducit,
389 672 459 716 cum
484 652 523 717 de
551 651 723 717 Messallini
747 651 805 716 sub
829 651 954 715 initium
977 630 1062 715 belli
1092 651 1264 722 Pannonici
1287 653 1397 732 gestis,

229 745 349 828 aestate
383 763 531 828 nimirum
566 763 640 826 enni
676 784 705 828 u.
736 783 760 828 e.
791 763 851 828 759
880 781 975 843 agens
1004 763 1080 826 baec
1109 763 1215 828 babet:
1259 761 1399 845 „Felix

227 881 357 970 eventu,
381 876 460 938 forte
483 879 613 956 conatu,
638 875 743 958 prima
770 879 888 938 aestate
913 873 983 937 belli
1008 873 1180 938 Messallini
1205 891 1285 958 opus
1308 889 1403 938 man·'

229 986 367 1050 dandum
394 993 442 1051 est
463 986 647 1050 memoriae:
682 986 735 1068 qni
759 985 817 1066 vir,
845 986 949 1048 animo
973 985 1082 1067 etiam,
1107 1005 1200 1067 qnam
1225 991 1316 1066 gente
1339 1005 1396 1048 no-

230 1095 333 1180 bilior,
347 1097 563 1178 dignissimus,
577 1097 630 1180 qni
643 1102 801 1180 etpatrem
815 1095 984 1161 Corvinum
996 1095 1168 1176 habuisset,
1181 1103 1211 1160 et
1223 1115 1395 1175 cognomen
1492 1145 1495 1156 .

1072 1207 1112 1234 1111

230 1229 318 1272 sunm
344 1208 452 1272 Cottae
485 1200 804 1290 fratri'relinquerct,
845 1226 870 1272 0.
895 1226 923 1290 q.
948 1227 972 1270 s.
997 1259 1004 1272 .
1029 1257 1068 1272 ..
1133 1205 1246 1289 quibus
1269 1206 1393 1270 videtur

232 1319 400 1383 historicus
427 1317 614 1400 significare,
639 1317 814 1382 Messallam
840 1317 1008 1382 Corvinum
1032 1318 1093 1381 iam
1118 1317 1303 1397 decessisse,
1324 1337 1395 1381 cum

231 1429 440 1510 Messallinus,
467 1431 534 1494 eius
555 1429 650 1510 lilius,
668 1449 703 1494 οο
720 1449 802 1492 011110
817 1435 949 1510 gereret,
974 1449 1053 1511 quae
1069 1427 1185 1492 ibidem
1203 1429 1397 1494 narrantur.”

232 1544 336 1624 Atque
363 1540 506 1624 equidem
532 1560 594 1604 non
625 1540 728 1621 video,
765 1560 825 1623 qna
858 1541 978 1604 ratione
996 1539 1060 1604 boc
1083 1539 1222 1604 Messeni
1244 1539 1395 1604 iudicium

232 1652 413 1734 refutemus,
449 1652 510 1716 nisi
537 1653 619 1716 forte
650 1651 816 1715 intercedit
839 1649 936 1716 Vellei
970 1658 1023 1715 aut
1045 1671 1167 1715 summa
1188 1650 1395 1731 neglegentia,

232 1769 285 1828 aut
318 1764 424 1828 nescio
460 1781 538 1846 quae
571 1762 696 1826 dicendi
730 1763 919 1847 proprietas,
954 1762 1065 1842 adbuc,
1101 1767 1250 1845 quantum
1284 1763 1394 1840 sciam,

217 1874 370 1938 nondum
396 1874 569 1939 observata.

318 1984 380 2049 Sed
410 2005 449 2048 ne
477 2001 561 2049 nuno
588 1984 713 2066 quidem
743 1985 893 2067 temporis
925 1983 1076 2048 indicium
1112 1985 1188 2048 satis
1216 1989 1393 2048 accuratum

232 2097 336 2160 nancti
354 2117 472 2176 sumne,
497 2115 566 2160 enm
585 2116 747 2180 quousque
763 2095 971 2160 recedendum
994 2096 1047 2173 sit,
1071 2095 1210 2158 nondum
1235 2102 1394 2178 appareat.

235 2207 331 2287 Urget
357 2228 414 2271 nos
443 2206 586 2287 Tacitus,
616 2214 648 2270 ut
676 2206 798 2287 longius
826 2205 1012 2290 longiusque
1039 2225 1253 2270 removeamus
1282 2207 1393 2270 mortis

233 2324 359 2402 tempus
376 2320 414 2382 ab
430 2319 565 2400 Augusti
582 2319 722 2382 decessu.
762 2317 869 2401 Neque
884 2325 987 2380 tamen
1006 2317 1175 2384 Corvinum
1191 2317 1253 2380 iam
1275 2316 1391 2381 dudum

234 2430 412 2494 defunctum
429 2429 537 2508 fuisse,
561 2449 630 2493 cum
650 2428 847 2492 Messallinus
862 2427 945 2492 filius
963 2429 995 2491 in
1013 2427 1092 2492 bello
1109 2427 1289 2492 Pannonico
1315 2435 1393 2492 stre-

234 2561 295 2605 nue
319 2561 353 2604 se
375 2546 512 2620 gereret,
537 2539 679 2604 Suetonii
702 2539 770 2603 loco
794 2539 928 2622 quodam
954 2537 1152 2623 comprobari
1176 2539 1308 2617 videtur,
1333 2558 1392 2621 quo

235 2651 404 2718 Octaviano
422 2671 440 2714 a
455 2657 565 2716 senatu
589 2650 769 2735 populoque
792 2650 891 2734 patris
915 2651 1034 2734 patriae
1057 2669 1171 2714 nomen
1195 2649 1299 2713 datum
1324 2669 1393 2712 csse

232 2771 349 2843 narrat,
373 2763 497 2828 Valerio
514 2762 658 2828 Messalla
677 2764 708 2826 in
733 2769 842 2827 senatu
864 2761 960 2827 verba
983 2762 1115 2827 faciente
1139 2760 1258 2844 (00101.
1276 2779 1301 2825 c.
1317 2761 1394 2842 55).

232 2874 322 2952 Quod
347 2877 460 2938 factum
485 2895 554 2938 esse
577 2874 776 2945 1111075211
796 2873 1088 2939 aCbr.Eclrbelius
1114 2872 1280 2956 (Doctrina
1302 2891 1392 2934 num·
1442 2867 1444 2873 ’

233 3007 353 3050 morum
371 2985 429 3050 vol.
445 2985 497 3065 Vl,
514 3005 544 3070 p.
563 2987 622 3050 112
639 2986 721 3069 sqq.)
736 2985 908 3048 luculenter
931 2985 1164 3050 demonstravit.
1199 2982 1393 3065 Quamquam

232 3104 333 3161 autem
352 3104 435 3177 sunt,
453 3098 504 3179 qui
522 3117 583 3160 non
603 3103 755 3160 oratorem
775 3096 1024 3176 celeberrimum,
1040 3094 1094 3160 sed
1111 3095 1204 3174 alium
1225 3115 1262 3158 ex
1285 3094 1393 3158 eodem

234 3216 325 3288 gente
346 3215 458 3288 ortum,
484 3229 613 3290 quorum
638 3229 699 3272 11011
724 3209 815 3293 pauci
839 3215 903 3272 111111
929 3206 1164 3288 magistratibus
1188 3207 1285 3270 functi
1310 3213 1392 3287 sunt,

234 3319 457 3383 oratiunculam
476 3339 493 3382 a
509 3321 656 3384 Suetonio
680 3320 824 3383 traditam
850 3319 997 3383 babuisse
1021 3324 1168 3399 statuant,
1193 3318 1274 3400 quod
1292 3316 1398 3398 aliqua

235 3435 357 3496 ratione
381 3431 592 3496 commendari
617 3433 751 3511 videtur,
787 3452 839 3494 eo⁴
859 3430 940 3514 quod
965 3429 1095 3493 Ovidius
1120 3429 1151 3492 in
1176 3428 1396 3512 copiosissima

234 3545 373 3608 eiusdem
409 3544 452 3608 rei
477 3544 657 3608 narratione
681 3541 781 3624 (Fast.
802 3541 852 3620 ll„
878 3542 939 3604 119
961 3545 1042 3622 sqq.)
1066 3540 1159 3604 amici
1181 3538 1395 3623 potentissimi

233 3657 423 3720 mentionem
453 3657 527 3720 iacit
554 3654 682 3734 nullam,
718 3675 780 3717 non
807 3660 911 3716 tamen
934 3650 1104 3716 verisimile
1128 3658 1185 3729 est,
1210 3649 1394 3714 Suetonium

235 3766 301 3830 solo
326 3767 427 3829 Valeri
452 3765 615 3830 Messallae
650 3765 778 3828 nomine
807 3763 901 3826 alium
931 3761 1108 3842 significare
1131 3759 1280 3840 voluisse,
1304 3766 1396 3841 atque

234 3899 316 3957 eum,
342 3879 393 3960 qui
418 3898 434 3941 e
458 3884 522 3940 tota
545 3877 602 3940 bae
624 3875 743 3938 familia
763 3874 900 3956 Augusti
916 3881 1015 3937 aetate
1035 3873 1168 3936 maxime
1185 3869 1286 3934 clarus
1304 3877 1395 3934 esset.

234 3989 266 4053 Si
292 3989 386 4067 igitur
409 3995 578 4052 extremum
606 3987 663 4050 viri
688 3985 881 4049 celeberrimi
899 3987 1014 4049 lactum
1039 4004 1056 4046 a
1079 3981 1229 4046 Suetonio
1253 3979 1396 4060 relatum,

232 4101 399 4184 ipsumque
424 4120 517 4163 sensu
541 4104 614 4163 ante
637 4097 798 4161 biennium
825 4096 942 4159 amisso
965 4114 1046 4159 anno
1069 4095 1134 4157 fere
1159 4092 1219 4156 754
1264 4091 1310 4155 vel
1337 4091 1397 4154 755

233 4218 365 4276 mortem
390 4211 507 4275 obiisse
531 4211 709 4287 statuimus
739 4207 843 4292 potuit
866 4206 993 4270 Tacitus
1016 4211 1099 4269 recte
1123 4205 1226 4267 dicere
1250 4203 1306 4283 „in
1331 4223 1397 4265 me-

233 4323 319 4397 dium
343 4342 442 4405 usque
465 4320 599 4400 Augusti
623 4319 856 4402 principatum'
873 4337 942 4381 eum
961 4315 1123 4380 duravisse
1140 4312 1266 4378 dicendi
1283 4332 1397 4392 genere
