3184 5008
683 355 893 416 ..ῃ-

205 557 317 602 norum
335 538 461 621 quidem
478 541 629 618 numeris,
654 538 767 622 quibus
784 539 972 624 scriptorum
990 545 1106 605 aetates
1128 535 1371 612 circumscribit,
1402 599 1404 606 ,

205 648 347 717 sincerus
370 649 462 714 testis
485 651 572 732 estu
609 649 700 716 Licet
721 651 820 732 igitur
842 649 989 716 hlassouo
1013 651 1068 736 (ad
1084 669 1153 714 anu.
1170 671 1201 734 p.
1219 649 1291 715 Chr.
1315 646 1369 724 lV,

205 795 244 806 -
259 759 299 842 V)
321 759 370 824 vel
393 758 577 844 Borghesio,
600 760 648 826 vel
672 761 892 844 Hermannc,2)
916 761 964 828 rel
986 761 1178 845 Nipperdeio
1201 759 1369 839 contigerit

206 865 321 934 annum
345 871 496 953 namlem,
525 891 565 936 ne
588 893 660 938 eum
684 873 827 955 quidem,
857 878 894 938 ut
915 871 1176 938 verisimillimum
1200 877 1262 948 est,
1287 876 1370 935 recte

207 1001 225 1044 a
252 980 442 1065 Hieronymo
470 982 660 1064 indicatum,
695 1004 818 1062 eruere,
853 983 927 1048 inde
960 982 1086 1048 calculis
1115 982 1218 1048 obitus
1246 991 1371 1066 tempus
1441 959 1445 986 ¹

208 1078 319 1158 elicere
351 1113 414 1158 non
442 1094 643 1178 permittitur.
692 1093 769 1170 Quis
797 1094 879 1160 enim
911 1095 1076 1172 diiudicet,
1111 1101 1216 1158 utrum
1244 1101 1370 1178 septua-

206 1208 294 1288 ginta
326 1207 405 1272 duos
439 1206 508 1272 illos
553 1227 650 1272 annos
684 1207 870 1291 Hieronymi
916 1195 1160 1292 computationi,
1205 1225 1245 1270 an
1291 1205 1371 1268 hono

208 1319 303 1384 alicui
326 1317 403 1384 testi·
419 1318 613 1383 debeamus?
664 1315 873 1395 Quamobrem
897 1339 960 1384 non
984 1315 1061 1383 adeo
1085 1337 1154 1390 cum
1177 1315 1371 1402 Nipperdcio

208 1432 253 1514 (p.
271 1431 347 1512 285)
364 1429 619 1514 reprehenderim
640 1429 940 1510 Reifferscheidium,
965 1432 1016 1513 qui
1035 1430 1156 1494 numeri
1176 1427 1260 1492 illius
1276 1427 1371 1491 ratic-

207 1560 279 1604 nem
307 1559 371 1605 nou
401 1540 511 1604 hahuit
539 1542 599 1623 (cf.
628 1540 714 1608 Suet.
743 1541 809 1606 rell.
832 1542 929 1625 praei.
959 1561 989 1625 p.
1012 1539 1104 1622 Vlll).
1149 1539 1369 1616 Quaestionem

208 1653 318 1733 igitur,
342 1671 422 1734 quae
445 1657 493 1716 est
515 1651 555 1717 de
577 1651 740 1718 Messallae
764 1671 845 1718 anno
866 1651 980 1731 ualidi,
1003 1652 1109 1728 multis
1133 1650 1370 1715 difficultatibus

207 1762 408 1847 impeditam,
437 1770 472 1827 ut
499 1763 640 1828 inutilem
666 1762 704 1827 ad
728 1764 924 1848 propositum
947 1770 1107 1843 nostrum,
1131 1762 1273 1824 omittere
1297 1781 1371 1843 pos·

208 1873 356 1955 sumus.³)

294 1983 357 2049 Sed
378 1985 455 2068 quid
479 1986 518 2048 dc
541 1985 650 2049 mortis
674 2005 756 2048 anno
780 1984 975 2050 statuamus?
1004 1984 1080 2048 Nam
1105 1984 1136 2046 in
1159 1982 1259 2047 Taciti
1282 1982 1372 2046 testi-

213 2097 316 2161 monio
348 2098 547 2179 acquiescere
572 2117 637 2160 non
665 2096 755 2178 licet,
784 2096 877 2179 quod.
896 2115 932 2160 eo
960 2095 1038 2160 adeo
1061 2115 1122 2159 noo
1146 2105 1248 2158 certus
1272 2113 1373 2157 annus

214 2207 375 2286 delinitur,
397 2215 432 2272 ut
446 2209 655 2291 quodcunque
670 2209 822 2292 temporis
839 2214 988 2293 punctum
1006 2207 1153 2270 alinibus
1176 2207 1374 2290 principatus

210 2320 345 2400 Augusti
379 2339 441 2382 non
475 2321 570 2384 nimis
601 2339 699 2404 prope
724 2319 824 2399 abest,
849 2320 965 2385 dictum
989 2339 1058 2385 esse
1081 2318 1190 2402 possit.
1230 2317 1371 2397 Accedit,

211 2429 293 2512 quod
315 2449 379 2494 non
407 2431 613 2515 perspicitur,
646 2439 747 2496 utrum
774 2428 918 2515 aprime
944 2429 1105 2494 Octaviani
1128 2429 1307 2510 consulatu,
1332 2447 1372 2494 an

210 2561 228 2604 a
245 2547 309 2604 tcto
322 2540 531 2606 Romanorum
545 2543 677 2626 imperio
689 2542 831 2608 subiecto
845 2542 972 2607 Tacitus
986 2561 1084 2606 annos
1098 2541 1271 2626 computari
1291 2539 1371 2605 velit.

295 2650 354 2716 Hic
388 2653 542 2716 succurrit
568 2652 654 2717 locus
685 2653 798 2734 Vellei,
833 2673 925 2738 quem
961 2655 1057 2716 miror
1089 2660 1163 2736 post
1190 2651 1369 2716 Masscnum

212 2766 265 2847 (ed
290 2785 360 2830 ann.
386 2765 434 2830 lv,
459 2786 489 2849 p.
514 2765 586 2831 Chr.
610 2765 674 2846 Vl.)
704 2767 859 2828 neminem
885 2765 1070 2849 respexisse.
1123 2763 1201 2827 Vide
1225 2783 1303 2846 quae
1326 2763 1374 2826 vir

209 2923 404 2932 m..-

278 3006 300 3073 1)
320 3006 401 3059 Velut
413 3005 500 3059 Lucili
513 3007 585 3058 vitae
598 3021 682 3058 annos
701 3007 758 3058 sine
777 3005 858 3058 dubio
877 3021 929 3058 non
949 3009 1021 3056 recte
1039 3005 1177 3068 indicavit,
1196 3004 1231 3057 oi.
1245 3003 1370 3056 Fleckeis

211 3100 267 3168 107,
286 3101 326 3154 m.
344 3102 402 3156 365.

278 3194 301 3260 ²)
321 3194 350 3248 C.
364 3195 393 3249 F.
407 3196 572 3249 Herrmann:
593 3195 631 3248 lte
645 3195 829 3264 scriptoribus,
848 3195 997 3248 illustribus
1011 3211 1125 3263 quorum
1144 3200 1266 3260 tempora
1278 3191 1372 3246 Hiero·

204 3305 308 3358 -nymus
327 3289 362 3344 ad
380 3289 487 3343 Eusehit
507 3289 659 3343 Chroniccn
679 3289 816 3342 adnotavit
835 3306 860 3358 p.
875 3290 912 3345 14.
943 3271 1065 3356 (ὶὸῑὶἱης,
1098 3289 1170 3342 1848.

280 3382 302 3450 3)
322 3384 406 3448 Quam
426 3399 495 3446 rem,
521 3385 566 3452 qui
585 3383 786 3435 retractandam
806 3383 856 3435 sibi
880 3384 1036 3447 sumpserit,
1061 3382 1174 3444 videbit,
1200 3397 1253 3450 qne
1271 3382 1375 3434 ratione.

176 3547 178 3554 .
208 3479 275 3531 haec
294 3484 452 3545 argumenta
469 3479 540 3530 inter
557 3495 585 3530 se
604 3483 758 3531 connectat.

272 3573 300 3637 a]
320 3571 383 3625 Non
401 3577 493 3624 uatum
513 3589 570 3624 esse
581 3572 734 3625 Messallam
755 3588 824 3624 enno
844 3572 948 3624 demum
968 3572 1025 3634 695,
1044 3577 1073 3624 ut
1089 3569 1263 3639 Hieronymus
1282 3569 1374 3636 tradit,

312 3683 345 3719 eo
365 3671 483 3736 apparet,
501 3667 572 3735 quod
591 3672 698 3735 etpost
717 3681 834 3734 pugnam
854 3667 1053 3735 Philippensem
1073 3667 1199 3719 exercitui
1217 3664 1370 3734 praelectus

312 3767 353 3814 est
377 3760 476 3826 (Vellei
491 3762 603 3828 11‚rr.),
622 3768 649 3814 et-
670 3764 723 3816 iam
743 3766 823 3815 antea
841 3761 994 3830 eloquentia
1019 3761 1110 3814 floruit
1132 3760 1200 3823 (Cic.
1214 3760 1248 3812 ad
1261 3761 1374 3814 Brutum

312 3855 448 3920 1,15,1.y
490 3891 492 3897 .
781 3845 785 3854 ‘

267 3951 295 4018 b)
315 3950 391 4016 Quod
404 3967 457 4003 une
474 3967 533 4004 cum
548 3951 660 4004 Horatio
681 3956 706 4004 et
719 3952 756 4006 M.
770 3951 898 4005 Cicerone
916 3953 1018 4004 minore
1038 3951 1245 4004 adolescentulis
1260 3951 1371 4004 Athenis

312 4045 371 4110 fuit,
391 4045 531 4116 aequalem
549 4046 605 4098 fere
626 4045 736 4100 illorum
755 4063 814 4098 eum
834 4047 923 4112 luisse,
943 4047 1045 4110 suadet,
1065 4051 1093 4099 nt
1112 4049 1270 4100 statuamus.

277 4141 302 4204 c)
322 4137 399 4203 Quod
412 4139 545 4204 Tiberius,
564 4157 633 4193 anno
646 4141 695 4193 712
708 4145 795 4204 natus.
814 4141 967 4193 adolescens
985 4139 1032 4192 illc
1050 4142 1104 4192 iam
1123 4157 1184 4192 sene
1203 4119 1374 4209 eloquentiab

315 4233 433 4302 exemplo
452 4251 515 4287 usus
535 4251 592 4287 esse
611 4235 727 4287 traditur
745 4233 830 4299 (Suet.
845 4235 903 4288 Tib.
925 4252 946 4288 c.
965 4236 1027 4302 lo),
1056 4251 1142 4288 annos
1160 4234 1264 4288 natales
1283 4251 1373 4288 eorum

315 4329 430 4394 triginta
448 4331 587 4384 minimum
606 4329 683 4382 annis
703 4328 811 4396 distare,
829 4329 935 4382 videtur
953 4329 1080 4386 indicare.
