3178 5018
672 418 709 429 -
758 381 819 447 103
851 340 901 430 ’-

206 569 429 657 aequalesque
451 587 514 635 non
538 576 811 651 commemoratur,
834 569 866 634 in
890 568 1024 654 epistola
1047 587 1084 634 ex
1105 565 1139 634 P.
1162 563 1215 651 lv,
1231 569 1281 649 16,
1304 567 1371 646 nbi,

206 701 287 770 quae
321 681 448 765 quidem
482 688 590 746 nostra
624 689 673 746 est
704 688 881 766 temporum
911 679 1061 762 cognitio,
1085 663 1225 744 iuniores
1248 683 1371 744 tanturn

203 800 441 879 percontentur,
465 777 690 876 interprimos
713 789 899 876 appellatur.
1360 797 1362 805 “

290 901 364 968 His.
383 901 422 968 de
445 901 561 967 Severo
596 907 689 987 poeta
724 900 920 986 interpositis
954 900 993 966 ad
1028 897 1177 987 epistolas
1202 896 1373 986 Ovidiada's

205 1013 382 1080 redeamus.

290 1233 441 1320 Reposito
452 1238 556 1299 autem
574 1234 754 1298 etiamnunc
769 1241 945 1318 temporum
963 1231 1156 1310 difficultate,
1170 1231 1370 1317 quaeramus,
1424 1220 1427 1240 ⁴

211 1365 284 1410 num
308 1344 378 1410 fieri
400 1345 512 1430 possit,
537 1350 571 1410 ut
592 1345 726 1410 eundem
749 1345 862 1426 virum,
880 1345 969 1410 euius
985 1329 1154 1426 imaginem
1170 1341 1265 1408 modo
1282 1362 1375 1407 accu-

207 1458 309 1523 ratius
332 1457 502 1542 depingere
525 1457 630 1522 conati
653 1476 773 1532 sumus,
797 1457 934 1521 carmine
958 1472 1082 1540 quoque
1106 1453 1128 1536 1,
1143 1455 1162 1519 8
1178 1454 1370 1540 appeliatum
1463 1534 1467 1545 Δ

214 1589 284 1633 esse
307 1573 489 1634 statuamus.
534 1566 612 1632 Nam
637 1587 677 1631 ne
700 1566 738 1632 de
763 1567 821 1632 hac
847 1567 972 1652 quidem
996 1587 1030 1632 re
1054 1567 1112 1631 viri
1135 1565 1218 1632 docti
1242 1585 1374 1631 consen-

210 1680 304 1745 tiunt.
350 1677 392 1743 Et
424 1699 457 1742 re
492 1699 564 1742 vera
598 1699 694 1742 unum
729 1686 789 1758 est,
826 1678 920 1761 qood,
945 1679 973 1743 si
996 1678 1035 1743 ad
1058 1698 1154 1743 unum
1178 1677 1377 1760 eundemque

210 1798 373 1873 utramque
397 1788 561 1874 epistolam
586 1788 694 1854 Severi
717 1785 1050 1874 nomine'insrriptam
1075 1789 1177 1853 datam
1195 1809 1265 1854 esse
1282 1787 1374 1872 poni-

212 1920 294 1977 mus,
329 1900 432 1984 primo
468 1899 577 1963 obtutu
612 1898 819 1964 admiratione
853 1899 981 1979 dignum
1006 1899 1105 1963 videri
1128 1904 1241 1985 potest.
1286 1896 1375 1962 Artis

214 2013 296 2076 enim
321 2012 476 2095 poeticae,
500 2011 589 2074 coins
612 2009 679 2075 laus
703 2011 836 2094 epistola
860 2009 944 2090 [vc
966 2017 1031 2074 tum
1049 2007 1173 2074 abunde
1191 2011 1222 2074 in
1240 2009 1373 2073 amicum

209 2123 377 2202 contestor,
390 2123 423 2185 in
440 2120 578 2205 epistola
600 2119 660 2203 I‚8
683 2122 799 2185 mentio
822 2118 857 2185 fic
879 2119 973 2186 nulla.
1000 2116 1163 2185 Woelffelii
1187 2125 1288 2185 autern
1306 2121 1376 2203 opi·

209 2233 337 2298 nionem
361 2235 407 2317 (p.
431 2232 542 2314 2196),
577 2232 629 2315 qui
665 2231 811 2296 Ovidium
839 2233 872 2296 in
901 2231 1007 2316 priore
1035 2230 1167 2317 epistola
1199 2229 1373 2296 carminum

106 2409 108 2420 ‚
210 2357 338 2414 suorum
377 2343 577 2408 excusatione
612 2345 654 2425 (r.
682 2344 703 2408 9
731 2345 791 2426 sq.)
829 2353 859 2407 et
892 2342 965 2408 betti
999 2342 1160 2408 cuiusdam
1195 2343 1375 2408 narratione

210 2457 251 2539 (v.
278 2455 315 2518 11
339 2454 425 2538 sqq.)
448 2455 487 2518 ad
511 2459 635 2539 poetam
660 2447 793 2537 eumque
815 2454 939 2539 epicum
956 2460 1098 2539 spectare
1121 2453 1182 2518 sibi
1206 2449 1376 2538 persuasit,

211 2570 295 2631 recte
330 2566 391 2628 iam
427 2563 595 2629 Schnlzins
630 2570 674 2649 (p.
698 2567 738 2630 22
762 2567 824 2648 sq.)
861 2563 982 2630 refellit.
1037 2565 1114 2630 Nom
1144 2562 1274 2629 alterurn
1298 2561 1375 2627 alibi

212 2696 336 2760 qnoque
369 2675 556 2759 saepissime
593 2676 737 2748 occurrit,
774 2676 871 2740 altera
897 2676 988 2756 ratio,
1014 2693 1076 2759 qua
1096 2681 1222 2760 poetam
1247 2673 1371 2760 epicum

213 2786 366 2871 appellari
392 2781 581 2850 Woeiffeliue
605 2769 768 2860 conclusit,
803 2775 930 2850 omnino
954 2786 1040 2850 nulla
1062 2793 1110 2850 est
1164 2784 1246 2862 Quid
1270 2793 1375 2850 autem

213 2905 271 2978 eet,
295 2918 350 2962 cur
372 2897 546 2962 carminum
567 2898 757 2961 mentionem
775 2897 806 2959 in
823 2895 958 2980 epistola
974 2894 995 2977 Ι,
1009 2896 1029 2960 8
1045 2895 1123 2960 adeo
1140 2895 1376 2961 desideremus?

213 3006 327 3073 Nonne
361 3009 399 3072 de
426 3007 515 3073 Bruti
544 3027 666 3092 quoque
695 3007 883 3090 eloquentia,
908 3025 987 3091 quac
1011 3006 1144 3092 epistola
1176 3005 1261 3084 1v‚6
1293 3014 1375 3072 tant-

173 3153 178 3160 ·
211 3138 307 3203 opere
331 3116 515 3200 celebratur,
539 3119 571 3182 in
595 3118 706 3182 ceteris
730 3117 851 3182 duabus
875 3138 914 3182 ne
938 3117 1067 3182 verbum
1091 3115 1237 3202 quidem?
1265 3117 1378 3182 Nonne

212 3230 245 3293 in
269 3228 403 3314 epistola
425 3229 481 3310 Lo
503 3229 542 3294 ed
566 3227 733 3294 Maximum
758 3231 858 3293 missa
880 3229 957 3293 adeo
981 3249 1042 3293 non
1067 3231 1170 3312 agitur
1193 3229 1231 3293 de
1251 3229 1295 3293 eis
1312 3229 1376 3292 vir·

211 3340 342 3421 tutibus,
367 3359 445 3422 quos
468 3346 562 3424 poeta
584 3347 637 3405 aut
658 3339 689 3403 in
717 3339 812 3404 Fabio
836 3347 889 3403 aut
911 3341 943 3405 in
964 3341 1057 3406 Cotta
1078 3337 1236 3405 celebrare
1262 3338 1376 3404 solitus

212 3457 269 3530 est,
293 3460 328 3515 nt
348 3471 388 3515 nc
411 3451 514 3535 possit
536 3451 662 3534 quidem
686 3450 865 3532 diiudicari,
891 3459 991 3516 utrum
1016 3451 1118 3517 virum
1139 3449 1271 3516 Ovidius
1296 3423 1376 3515 illo·

211 3569 302 3626 cutus
326 3562 387 3628 siet
432 3561 656 3646 inquirendum
679 3563 851 3644 igiturest,
868 3583 941 3627 nuru
960 3570 1063 3628 cetera
1078 3564 1169 3645 signa
1183 3563 1215 3626 in
1232 3562 1377 3647 epistolis

212 3672 268 3754 1‚8
296 3679 327 3738 et
349 3671 435 3754 ΝΔ
470 3672 646 3739 concinant.
705 3675 809 3758 Atque
843 3674 916 3738 inde
951 3674 1090 3756 quidem,
1125 3674 1208 3757 quod
1243 3672 1377 3737 Ovidius

213 3785 370 3868 utrimque
393 3785 566 3848 carminum
590 3805 716 3850 suorum
742 3785 817 3849 vitia
847 3797 994 3849 excusare
1018 3785 1132 3863 studet,
1156 3783 1179 3864 Ι,
1194 3784 1257 3864 8,9
1275 3801 1336 3868 sq:

365 3904 495 3984 Quoque
517 3891 619 3983 magis
642 3909 768 3968 nostros
790 3906 884 3969 venia
907 3905 1034 3984 dignere
1055 3905 1193 3984 libellos,

414 4021 498 4085 Haec
521 4023 553 4084 in
576 4022 742 4102 precinctu
765 4021 905 4084 earmina
927 4019 1011 4080 facte
1031 4017 1117 4095 leges

709 4131 752 4212 Iv,
776 4134 805 4210 2,
831 4133 883 4193 15:

365 4244 428 4308 Nec
451 4249 558 4307 tamen
581 4241 745 4322 ingenium
768 4241 859 4306 nobis
881 4241 1062 4320 respondet,
1085 4242 1121 4303 ut
1145 4242 1219 4302 ente
1241 4275 1281 4283 —
1304 4273 1345 4282 -

741 4351 779 4414 19
803 4371 854 4432 sq:
