3178 5018
755 309 1075 426 ssf34..‚

278 545 432 632 expolitos
466 545 650 630 reliquerat,
688 546 948 612 commendandis
975 539 1239 631 'excusandisque
1294 545 1439 633 Denique

273 657 469 741 epigramma
490 656 646 741 quoddam
670 657 817 738 adicitur,
841 653 925 741 quod
947 657 980 722 iu
1003 659 1105 722 fronte
1120 655 1205 724 illius
1220 659 1325 744 operis
1341 664 1435 744 poeta

274 767 425 852 scriptum
449 767 515 832 vult
536 770 576 849 (v.
592 767 634 834 35
646 769 727 853 sqq)
763 767 853 832 Talia
873 773 976 834 autom
993 769 1033 833 ad
1048 767 1131 834 hune
1146 769 1281 835 maxime
1297 769 1432 835 amioum

274 877 391 963 scripta
413 898 483 944 esee
506 884 648 964 apparet,
673 877 756 963 quod
778 879 806 943 is
829 883 863 945 ot
884 879 986 964 potuit
1012 885 1043 944 et
1064 879 1162 944 voluit
1183 899 1288 946 coram
1312 881 1435 966 impen-

273 987 357 1070 dere,
381 1009 421 1056 ne
443 988 559 1055 exsulis
581 995 694 1075 poetae
715 989 815 1071 gloria
833 983 1046 1056 evanesceret.
1091 988 1182 1067 Quod
1205 989 1341 1057 odicium
1366 1010 1435 1057 cum

271 1099 334 1166 iam
360 1103 407 1164 ter
433 1099 604 1166 viderimus
634 1098 674 1165 ad
696 1093 825 1190 Brutum
851 1099 986 1166 delatum
1011 1119 1096 1184 esse,
1119 1094 1176 1166 'bic
1199 1122 1323 1186 quoqne
1345 1101 1434 1168 Bruti

272 1207 437 1294 personam
461 1210 631 1292 significari
654 1209 855 1278 confidemus.
1011 1205 1015 1212 ’

356 1320 526 1406 Hucusque
543 1323 730 1388 borentzius
748 1323 965 1388 ratiocinando
980 1343 1165 1408 progressus
1189 1328 1246 1390 est.
1291 1323 1354 1390 Sed
1371 1325 1434 1389 for·

270 1436 355 1496 tasse
388 1431 474 1497 aliud
502 1452 625 1516 quoque
654 1452 797 1514 carmen,
833 1433 872 1500 de
899 1453 960 1518 qno
986 1433 1038 1498 ille
1066 1435 1216 1499 iudicium
1243 1435 1346 1501 facere
1371 1454 1433 1501 non

258 1555 365 1622 janeus
394 1543 486 1626 est1),
508 1542 656 1608 idoneum
681 1550 747 1627 esi,
771 1543 810 1609 de
833 1563 894 1628 quo
918 1544 1067 1610 hocloco
1090 1565 1287 1629 quaeramus.
1344 1546 1430 1611 Libri

270 1653 370 1736 quinti
395 1673 517 1718 carmen
541 1655 708 1738 septimum
732 1654 919 1736 dico,cuius
938 1655 1030 1721 initio
1048 1673 1127 1739 quae
1142 1656 1288 1738 leguntur
1305 1677 1331 1720 v.
1346 1658 1363 1721 Ι
1376 1669 1425 1741 sqi

336 1755 338 1766 '
421 1763 455 1828 Si
476 1766 539 1829 tibi
561 1764 728 1845 contigerit
750 1785 822 1830 cum
844 1767 930 1830 dulci
952 1765 1019 1830 vita
1041 1745 1175 1846 salute,-
1287 1756 1290 1762 ’

470 1875 610 1939 Candida
631 1869 779 1940 fortunae¹
797 1895 871 1956 pars
894 1882 1002 1944 manet
1024 1883 1089 1940 uno
1110 1896 1208 1942 meae.

268 2005 331 2050 non
366 1984 434 2050 diet
459 2005 571 2071 posse,
603 1987 666 2052 uisi
695 1987 952 2052 coniunctissimo
972 1983 1094 2072 'cuique
1120 1994 1215 2073 patet.
1255 1987 1363 2066 Quem
1391 1989 1430 2053 ad

268 2096 518 2176 cognoscendum
543 2093 635 2165 multi
653 2095 807 2163 'momenti
831 2103 914 2179 sunt,
939 2115 1018 2182 quae
1042 2099 1119 2162 dicit
1140 2103 1233 2184 potita
1255 2120 1282 2165 v.
1299 2101 1339 2164 25
1359 2118 1409 2184 sq:

418 2207 565 2274 Carmina
587 2209 671 2288 quod
692 2209 785 2289 pleno
808 2201 919 2273 saltari
941 2213 1051 2280 nmtra
1072 2201 1206 2289 theatro,

468 2317 620 2383 Versibus
643 2324 675 2383 et
694 2303 806 2399 plaudi
828 2321 953 2400 scribis,
976 2322 1086 2400 amice,
1109 2312 1199 2400 meis,

613 2417 1057 2514 -----eee

352 2537 429 2602 Nam
460 2541 605 2624 spectant
634 2538 673 2604 ad
701 2539 865 2625 epistolam
879 2537 880 2542 ’
895 2540 933 2605 ab
962 2541 1061 2608 amico
1085 2547 1262 2626 acceptam,
1295 2561 1356 2626 qua
1377 2541 1428 2607 ille

265 2653 377 2734 poetae
392 2649 587 2714 nuntiavisse
602 2641 736 2731 videtur,
760 2650 901 2718 Medeam
917 2649 1123 2734 tragoediam,
1148 2671 1241 2735 quam
1257 2651 1295 2717 ab
1312 2651 1424 2718 Ouidio

268 2759 475 2844 compositam
499 2780 568 2825 esse
591 2756 749 2844 scimns2),
773 2762 869 2827 multo
893 2781 963 2826 cnm
985 2763 1097 2848 populi
1119 2763 1233 2847 plausu
1254 2763 1286 2827 in
1308 2763 1427 2828 theatro

265 2877 364 2936 actam
377 2890 456 2937 esse.
468 2867 618 2937 Novimus
632 2878 746 2954 autem,
762 2871 895 2939 Brutum
908 2879 979 2939 eum
992 2869 1101 2956 fuisse,
1112 2873 1165 2956 qui
1176 2873 1341 2939 bominum
1352 2893 1426 2955 erga

266 2980 382 3047 exsulis
395 2986 506 3066 poetae
518 2983 657 3046 carmina
663 2983 854 3048 voluntatem
865 2982 1031 3066 indagaret
1037 2984 1298 3070 'renuntiaretque
1311 3005 1359 3048 em
1365 2985 1423 3068 ico,

264 3110 325 3175 qua
362 3112 400 3156 ex
431 3099 520 3177 parte
553 3091 690 3178 placeret
723 3093 941 3178 displiceretve
966 3097 1018 3176 (ex
1041 3093 1074 3159 P.
1098 3093 1151 3176 ΙΙΙ,
1174 3095 1218 3177 o).
1262 3092 1371 3178 Neque
1393 3095 1425 3160 in

212 3247 213 3250 ,
262 3203 323 3266 bac
346 3201 479 3286 epistola
498 3204 604 3268 omisit
631 3209 737 3290 poeto,
773 3205 857 3288 qnod
890 3205 1039 3270 adversus
1074 3203 1205 3270 Brutum
1241 3225 1365 3291 semper
1387 3206 1426 3271 ab

266 3331 303 3378 eo
326 3313 443 3379 iactum
467 3334 536 3379 esse
559 3313 851 3396 animadvertimus,
891 3314 1010 3380 scilicet
1031 3321 1067 3379 ut
1089 3317 1261 3380 carminum
1285 3336 1425 3398 suorum,

263 3443 342 3507 quae
361 3429 426 3489 tum
444 3430 655 3510 componeret,
679 3427 847 3508 rationem,
864 3445 1002 3508 causam,
1025 3426 1242 3492 condicionem
1259 3426 1427 3512 explicaret

264 3535 305 3618 (v.
329 3535 479 3618 ost-42).
513 3534 596 3612 Quin
619 3536 711 3601 etiam
736 3541 772 3601 ut
795 3537 827 3601 in
851 3535 985 3622 epistola
1001 3531 1094 3602 Trist.
1113 3535 1166 3620 Ill,
1184 3537 1223 3601 14
1239 3540 1280 3620 (v.
1296 3537 1338 3601 49
1354 3539 1425 3620 sq),

261 3644 306 3709 ita
327 3643 379 3709 bic
401 3665 524 3729 quoque
558 3647 599 3730 (v.
623 3647 765 3730 57-60)
799 3645 975 3712 sermonem
1009 3669 1101 3713 snum
1131 3667 1241 3733 parum
1270 3647 1424 3713 excultum

260 3756 388 3838 linguae
423 3755 553 3821 Latinae
587 3756 797 3823 desuetudine
819 3766 968 3827 ‘excusat
1028 3757 1150 3836 Quibus
1179 3758 1218 3823 de
1242 3759 1345 3824 causis
1368 3757 1426 3823 hac

262 3886 387 3951 quoque
410 3867 544 3952 epistola
565 3873 659 3953 poeta
681 3868 813 3933 Brutum
837 3868 1054 3936 videturesse
1078 3867 1240 3935 allocutus.

292 4029 295 4035 .
346 3978 489 4065 Denique
524 3979 665 4050 eiusdem
698 3979 770 4044 libri
800 4000 925 4046 carmen
953 3981 1173 4047 duodecimum
1196 3980 1339 4047 omittere
1361 3999 1424 4044 non

262 4087 346 4155 licet.
390 4089 528 4175 Exponit
561 4094 656 4174 poeto
689 4090 801 4172 amico,
836 4091 889 4175 qui
917 4103 952 4156 ut
974 4091 1138 4156 scribendo
1162 4090 1285 4164 dolores
1307 4089 1424 4164 levaret

259 4205 552 4314 *iffii,

327 4337 350 4406 ²)
368 4337 416 4394 cir.
436 4337 499 4393 Tae.
519 4337 582 4392 dial.
603 4338 641 4394 12.
