3184 5008
700 388 883 450 ...7-

205 576 301 654 poeta
335 569 417 634 band
451 571 582 636 obscure
616 573 655 637 ab
679 573 778 636 antico
803 575 891 658 petit,
917 582 950 637 ut
973 594 1052 652 eam,
1077 595 1139 658 qua
1162 574 1262 643 valeat
1284 575 1368 659 apud

203 682 439 766 imperatorem,
463 682 690 763 auctoritatem,
711 685 750 748 ad
765 704 899 768 poenam
923 705 1009 750 suam
1032 684 1194 750 levandam
1212 685 1369 753 adhibeat,

206 791 299 868 Quod
322 791 454 857 Ovidius
476 813 635 875 nunquam
660 794 784 860 Cottam
808 797 937 878 rogavit,
963 797 1106 860 iuvenem
1132 797 1293 861 etiamtum
1313 797 1368 879 (of.

205 924 242 966 ex
256 902 287 968 P.
303 902 364 981 111,
378 905 409 984 b,
425 906 456 985 7)
470 909 500 968 et
512 904 544 967 in
557 903 650 968 rebus
663 905 799 989 publicis
812 905 950 970 nondum
964 917 1131 972 versatum.
1151 906 1365 972 Messallinum

206 1015 301 1091 igitur
334 1015 392 1079 boc
426 1016 563 1080 carmine
598 1015 770 1100 implorari,
806 1037 867 1101 pro
896 1025 980 1082 certo
1014 1017 1243 1082 affirmaverim.
1300 1017 1368 1094 Quo

207 1126 409 1208 comprobato
447 1126 584 1190 concidit
607 1128 702 1190 etiarn
725 1126 890 1208 Borghesii
919 1131 964 1212 (p.
989 1129 1094 1212 239)1)
1128 1130 1367 1210 argumentatio,

207 1238 258 1320 qui
284 1257 300 1299 e
323 1235 427 1301 verbis
449 1257 478 1304 v.
503 1239 558 1301 29:

271 1347 493 1432 ingeniumque
517 1369 620 1413 meum
648 1387 680 1396 --
705 1348 807 1432 pubes
828 1349 896 1415 boc
911 1349 1126 1434 meminisse,
1148 1351 1302 1436 probabat
1325 1401 1332 1416 .
1359 1403 1366 1417 .

205 1569 376 1648 conclusit,
411 1568 588 1634 Messallam
622 1577 744 1655 patrem
778 1571 884 1635 adulta
916 1573 1009 1636 etiam
1045 1573 1153 1638 Cottae
1186 1571 1242 1636 lilii
1267 1581 1366 1636 aetate

203 1681 287 1744 iuter
316 1683 403 1745 vivos
426 1681 535 1747 luisse.

289 1791 352 1855 Sed
375 1799 493 1856 utnon
518 1791 594 1856 illud
619 1795 662 1856 ita
685 1793 732 1856 bis
755 1793 860 1856 verbis
885 1794 915 1856 id
940 1793 1086 1876 efficitur,
1121 1800 1156 1857 ut
1177 1792 1366 1874 Messallam,
1423 1859 1429 1870 ,

205 1923 274 1966 cum
301 1908 431 1985 quartus
456 1903 606 1967 Tristium
623 1902 703 1967 liber
715 1911 970 1987 componeretur,
988 1905 1051 1968 iam
1063 1905 1243 2002 defunctum
1258 1901 1365 1970 fuisse.

206 2014 437 2096 comprobetur.
483 2013 573 2090 Quod
597 2015 796 2098 apertissime
814 2015 875 2078 iarn
894 2014 1061 2093 indicatur,
1081 2014 1156 2079 solis
1174 2016 1369 2099 temporibus

208 2125 412 2208 imperfectis:
448 2125 660 2209 „prnbabat“,
696 2124 812 2206 „digus
841 2127 956 2205 eraur'’,
991 2125 1198 2206 „referebat”,
1232 2124 1368 2207 „nobili-

205 2237 276 2298 tatis
294 2236 380 2299 erat''
403 2236 564 2301 adhibitis.
608 2235 715 2319 Neque
731 2237 833 2321 potuit
849 2236 888 2299 de
904 2236 1036 2302 fautoris
1055 2236 1215 2300 etiamtum
1232 2237 1367 2299 viventis

205 2345 382 2428 eloquentie
405 2347 524 2410 dicere:
877 2411 878 2414 ,

355 2455 449 2539 „Qua
472 2460 559 2541 prior
582 2459 612 2521 in
638 2457 727 2522 Latio
750 2479 812 2522 non
836 2457 907 2524 fuit
930 2457 993 2522 ulla
1014 2459 1120 2525 foro.“

290 2567 324 2632 Si
342 2569 437 2648 igitur
449 2569 574 2632 omnino
588 2567 734 2634 Messalla
750 2569 910 2634 exsulante
934 2571 994 2633 iam
1009 2570 1133 2649 Ouidio,
1157 2570 1259 2654 primo
1284 2569 1368 2633 exilii
1452 2573 1454 2576 ’

204 2686 345 2763 tempore
362 2679 488 2759 occidit,
514 2680 631 2764 quippe
650 2683 739 2744 (errius
752 2701 834 2745 anno
848 2681 984 2744 secundo
997 2680 1057 2744 hnc
1069 2701 1194 2746 carmen
1206 2681 1368 2748 conditum

205 2790 255 2869 sit,
279 2797 314 2852 ut
336 2801 448 2874 postea
470 2789 654 2855 videbimus.
700 2791 807 2874 Neque
830 2792 1000 2855 verisimile
1026 2798 1096 2872 est„
1118 2793 1145 2856 si
1168 2775 1366 2856 Messallinus

206 2902 387 2985 nuperrime
422 2900 546 2965 demum
581 2907 667 2986 patre
703 2904 843 2986 privatus
877 2910 971 2982 esset,
1004 2903 1036 2966 id
1072 2903 1110 2966 ab
1140 2902 1252 2966 Ouidio
1276 2902 1367 2986 plane

205 3013 350 3096 potuisse
386 3013 504 3076 omitti:
543 3033 730 3096 quamquam
765 3033 802 3078 ea
835 3014 874 3077 de
901 3033 997 3078 causa
1018 3014 1137 3078 facturn
1161 3034 1230 3078 esse
1254 3011 1367 3095 aliquis

205 3124 348 3202 coniciet,
373 3143 411 3186 ne
436 3125 530 3188 nimis
554 3132 660 3208 aperte
680 3125 771 3188 amici
795 3143 932 3208 persona
955 3124 1193 3205 significaretur.
1238 3149 1243 3160 ¹

290 3234 421 3298 Accedit
439 3235 501 3299 alia
522 3236 614 3316 ratio,
639 3256 700 3318 qua
722 3235 898 3300 Messallam
917 3243 1071 3299 mortuum
1089 3256 1159 3300 esse
1177 3243 1247 3300 ante
1261 3234 1366 3298 Ovidii

204 3345 425 3425 relegationem
451 3348 685 3429 persuademur.
730 3347 821 3412 Nulla
854 3348 939 3411 enirn
972 3345 1106 3430 epistola
1135 3345 1243 3410 Tomis
1268 3347 1365 3410 missa

205 3463 299 3540 poeta
322 3457 388 3520 eius
412 3457 560 3521 auxilium
586 3460 752 3540 invocavit,
786 3460 839 3542 qui
874 3463 906 3522 et
940 3457 1150 3522 amicissimus
1174 3459 1203 3522 ei
1227 3465 1302 3536 erat,
1337 3465 1367 3522 et

204 3567 288 3651 apud
320 3569 498 3648 Augustum
532 3589 654 3633 summa
688 3571 871 3633 arroteritate
899 3567 1039 3633 florebat.
1085 3567 1193 3650 Neque
1217 3569 1366 3649 concedo,

207 3679 266 3742 boc
301 3677 330 3742 ei
365 3685 496 3762 propter
518 3689 672 3744 recentem
698 3680 896 3765 imperatoris
920 3680 997 3756 iram
1021 3699 1084 3743 non
1108 3678 1244 3744 licuisse.
1289 3679 1365 3743 Nam

206 3790 332 3855 etiamsi
356 3796 523 3869 constaret,
549 3811 657 3855 omnes
682 3791 843 3875 epistolas,
863 3811 942 3874 quae
959 3789 1129 3854 amicorum
1148 3790 1276 3854 nomina
1292 3810 1367 3874 prae

157 3977 162 3982 ¹
207 3923 239 3966 se
265 3902 380 3981 ferunt,
404 3902 630 3985 posterioribus
655 3903 778 3966 demum
807 3903 892 3966 exilii
916 3902 1006 3966 aunis
1028 3901 1143 3966 missas
1166 3923 1246 3981 esse,
1266 3902 1368 3985 potuit

203 4033 273 4076 eum
291 4010 411 4076 occulto
428 4013 554 4076 nomine
567 4013 665 4091 adire,
690 4021 724 4075 ut
736 4013 815 4078 adiit
827 4015 977 4092 carmine,
1001 4013 1040 4076 de
1054 4033 1114 4096 quo
1128 4014 1221 4078 modo
1234 4014 1365 4092 egimus,

273 4264 294 4326 ¹)
314 4261 441 4315 Giornale
461 4263 592 4316 Arcadico
616 4263 686 4314 Ιδῖἳ1
705 4267 769 4315 tom.
793 4264 829 4326 le,
844 4279 869 4329 p.
888 4261 937 4315 Ἡ)
957 4279 1014 4330 sqq.
1051 4262 1168 4315 Ocnvrcs
1188 4263 1311 4315 numism.
1333 4262 1367 4327 1,

202 4373 226 4424 p.
246 4357 296 4409 408
314 4355 341 4411 ff.
