3184 5008
743 300 949 364 ..gg-

265 483 337 550 libri
372 483 498 550 Romam
534 487 622 550 missi
657 485 731 551 sint.
775 483 839 550 Sed
873 485 1044 568 quaeritur,
1078 503 1151 550 num
1182 504 1238 550 eae
1261 483 1423 569 epistolae,

262 597 379 680 quibus
412 602 506 682 pocta
539 597 577 662 ad
612 601 712 662 certas
736 595 887 679 quasdam
911 596 1082 662 amicorum
1105 615 1257 681 personas
1280 583 1423 680 spectare

200 779 202 784 ,
266 708 398 788 videtur,
421 715 493 774 ante
515 706 612 774 libros
636 708 736 774 editos
764 708 907 790 singulae
930 709 1057 774 Romam
1085 710 1201 775 missae
1229 711 1302 775 sint.
1347 709 1428 774 Sunt

266 825 368 896 autem
393 820 523 885 adiectis
547 819 603 898 eis,
631 840 710 904 quae
733 820 772 885 ad
795 839 934 903 uxorem,
959 821 998 886 ad
1021 819 1178 902 Perillam,
1202 822 1241 887 ad
1263 821 1425 885 inimicum

264 909 435 1015 pertinent,
459 950 521 996 non
546 930 642 997 multo
666 930 748 1016 plus,
774 951 866 1015 quam
895 932 1026 997 dimidia
1053 952 1126 1017 pars
1150 932 1288 997 omnium
1312 932 1425 996 carmi·

265 1061 350 1106 num.
369 1042 438 1121 Quo
448 1043 487 1108 de
499 1063 532 1107 re
544 1042 696 1108 iudicium
709 1041 801 1126 plane
814 1050 931 1108 certum
945 1041 1013 1109 lieri
1025 1043 1076 1108 vix
1090 1044 1212 1128 poterit.
1226 1041 1422 1128 Quamquam

267 1175 336 1220 cum
361 1156 425 1218 sint
446 1160 629 1235 argumenta
651 1174 757 1219 eorum
782 1155 858 1219 satis
881 1155 1067 1237 eommunia,
1095 1155 1302 1238 omnibusque
1329 1142 1426 1220 multo

266 1267 365 1346 magis
397 1264 548 1330 lectorum
582 1264 737 1351 voluptas,
772 1285 864 1351 quam
900 1265 1092 1345 singulorum
1127 1267 1297 1330 amicorum
1327 1265 1427 1344 gratia

266 1377 467 1460 respiciatur,
492 1397 544 1441 eas
568 1365 639 1441 ante
663 1376 811 1441 librorum
847 1396 979 1461 corpora
1000 1378 1138 1461 perfecte
1155 1377 1319 1461 prodicsse
1342 1377 1424 1442 veri-

269 1487 369 1551 simile
392 1507 455 1552 non
480 1494 538 1567 est,
562 1494 595 1551 ut
618 1486 788 1554 Wblffelius
812 1489 856 1573 (p.
872 1488 965 1569 1834)
989 1493 1073 1552 recte
1096 1487 1219 1552 videtur
1240 1487 1316 1551 mihi
1340 1487 1422 1551 iudi-

266 1617 365 1663 casse.
410 1597 500 1674 Quod
523 1606 625 1663 autent
650 1598 823 1664 intercedat
837 1600 918 1664 inter
942 1599 996 1663 has
1020 1598 1167 1683 epistolas
1191 1617 1317 1681 easque,
1342 1589 1446 1680 qaae'

265 1705 464 1773 Ponticarum
487 1707 690 1796 epistolarum
715 1715 860 1793 quattuor
889 1709 990 1790 libris,
1013 1710 1222 1790 continentur,
1246 1709 1426 1788 discrimen,

265 1828 376 1904 postea
399 1819 626 1901 intellegemus.

353 1930 453 1995 Tanta
475 1919 574 2014 igitur
593 1932 757 2014 diligentia
779 1952 848 1996 cum
876 1939 970 2017 poeta
997 1932 1137 2013 singulos
1170 1931 1266 1996 libros
1300 1949 1426 2015 compo-

266 2043 374 2121 suerit,
399 2051 642 2108 consentaneum
667 2051 722 2126 est,
748 2044 840 2108 etiam
864 2044 946 2107 intra
978 2043 1129 2108 librorum
1152 2042 1230 2108 fines
1253 2043 1426 2107 carminum

267 2154 519 2219 distributionem
553 2164 618 2219 arte
654 2156 836 2238 rationeque
871 2155 909 2219 ab
944 2175 980 2219 ao
1015 2175 1084 2219 esse
1107 2155 1295 2220 institutam.
1340 2152 1422 2230 Quin

268 2265 360 2328 etiam
384 2266 416 2328 id
439 2265 552 2347 solum,
576 2265 660 2349 quod
684 2264 832 2330 Ponticas
861 2265 1010 2349 epistolas
1035 2267 1123 2348 ,sine
1147 2265 1275 2330 ordine''
1304 2265 1425 2328 iunctas

268 2396 336 2440 esse
360 2374 491 2440 Ovidius
515 2377 592 2440 dicit
607 2379 658 2460 (ex
677 2375 710 2442 P.
725 2376 775 2458 ΙΙΙ,
788 2377 819 2457 9,
832 2377 898 2459 53),
916 2396 951 2440 eo
975 2396 1032 2441 nos
1056 2375 1191 2457 deducit,
1216 2385 1250 2440 ut
1272 2375 1421 2440 Tristium

267 2485 364 2550 libros
403 2487 459 2550 hac
493 2507 529 2550 ex
558 2494 645 2571 parte
669 2488 731 2552 illis
755 2487 793 2551 ab
817 2508 852 2552 eo
876 2488 1026 2571 anteponi
1050 2493 1221 2552 statuamus
1245 2487 1296 2570 (ol.
1321 2486 1426 2570 llleyer

267 2618 297 2684 p.
319 2597 405 2678 452).
451 2597 514 2662 Sed
537 2617 608 2662 cum
628 2598 666 2662 de
684 2596 749 2663 solo
765 2607 939 2683 temporum
960 2597 1079 2679 ordine,
1102 2606 1138 2662 ut
1154 2604 1274 2683 postea,
1298 2596 1426 2661 demon·

269 2709 428 2790 strabitur,
462 2708 563 2772 locum
599 2709 752 2793 epistolae
787 2731 824 2774 ex
855 2709 890 2774 P.
917 2709 1009 2790 ΙΙΙ,9
1038 2709 1216 2790 intellegere
1239 2727 1302 2772 non
1323 2708 1426 2786 liceat,

268 2826 442 2903 temporum
467 2820 579 2883 seriem
604 2821 636 2883 in
661 2820 810 2886 Tristium
834 2821 924 2885 libris
948 2828 1103 2886 servatum
1128 2841 1196 2884 esse
1212 2819 1285 2882 inde
1302 2819 1426 2903 quidem

269 2929 412 3014 llcyerus
434 2931 529 2994 nimis
552 2930 744 2996 confidenter
766 2932 926 2998 conclusit.
956 2934 1004 2997 Ac
1026 2953 1065 2996 ne
1087 2931 1120 2995 id
1144 2930 1269 3014 quidem
1286 2928 1427 2994 animad-

267 3043 370 3118 vertit,
395 3041 478 3124 quod
502 3040 677 3107 Graeberus
702 3045 745 3126 (p.
771 3042 823 3124 Vl)
847 3051 878 3107 et
900 3043 1066 3108 Sohnlzius
1093 3045 1137 3127 (p.
1162 3044 1195 3125 t)
1227 3046 1426 3118 monuerunt,

270 3153 371 3235 prima
394 3151 586 3233 singulorum
611 3153 761 3217 librorum
785 3155 932 3234 carmina,
968 3155 1085 3238 quippe
1109 3152 1221 3236 quibus
1246 3152 1426 3217 emittantur

270 3262 328 3326 toti
350 3262 434 3342 libri,
459 3282 522 3327 non
546 3265 687 3348 potuisse
709 3265 876 3346 conscribi,
900 3265 962 3328 nisi
979 3269 1082 3330 cetero
1098 3265 1270 3328 carminum
1286 3281 1427 3338 numero,

268 3375 320 3457 qui
345 3373 395 3453 ad,
418 3373 501 3438 idem
526 3395 640 3460 corpus
664 3377 830 3460 pertinent,
854 3377 915 3440 iam
939 3375 1090 3441 absoluto.
1115 3411 1155 3422 -
1170 3374 1307 3438 Possunt
1322 3377 1425 3436 autem

268 3485 397 3565 cogitari
432 3485 513 3550 duae
548 3487 675 3550 omnino
710 3488 849 3550 carmina
882 3485 1048 3551 ordinandi
1081 3486 1233 3550 rationes:
1269 3483 1427 3548 autenim
1539 3549 1542 3556 ,

269 3602 446 3680 temporum
470 3597 558 3677 ordo,
583 3598 685 3680 quoad
709 3597 776 3662 lieri
799 3599 911 3682 potuit,
940 3604 1079 3662 servatus
1103 3609 1161 3678 est,
1186 3603 1239 3662 aut
1260 3595 1429 3659 artificiosa

270 3707 377 3771 nescio
401 3726 480 3789 quae
504 3707 684 3772 distributio
707 3709 857 3774 adbibita.
898 3708 1035 3785 Quarum
1059 3709 1226 3788 rationum,
1249 3707 1278 3771 si
1302 3705 1429 3770 alteram

269 3836 331 3881 non
356 3820 602 3899 agnoscerimus,
628 3826 753 3903 poetam
779 3819 874 3884 altera
897 3840 987 3884 usum
1012 3839 1092 3900 esse,
1117 3817 1316 3883 statuendum
1340 3817 1407 3880 erit.

354 3931 399 3991 Ac
427 3949 460 3992 re
486 3951 559 3994 vera
582 3931 875 4013 animadvertimus,
915 3932 947 3995 in
971 3930 1120 3996 Tristium
1154 3928 1243 3993 libris
1273 3913 1430 3993 nonnullis

268 4038 345 4104 locis
371 4041 510 4106 carmina
531 4042 681 4126 deinceps
705 4045 809 4125 positu
832 4063 911 4122 esse,
937 4063 1015 4127 quae
1041 4047 1113 4106 sunt
1133 4037 1430 4120 argumentosuani-

268 4171 318 4216 me
352 4152 491 4232 diversa,
527 4161 634 4218 contra
669 4175 720 4236 ea,
755 4174 834 4238 quae
868 4154 961 4219 rebus
985 4160 1015 4217 et
1037 4153 1140 4226 colore
1164 4149 1323 4214 simillima
1347 4158 1429 4227 sunt,

269 4262 426 4344 consulto,
456 4269 492 4329 ut
514 4264 642 4348 quidem
666 4266 805 4347 videtur,
836 4285 906 4330 esse
929 4266 1094 4330 disiuncta.
1141 4263 1232 4331 Velut
1254 4262 1336 4327 inter
1358 4262 1429 4326 libri
