3178 5018
739 339 798 410 h-
846 303 888 367 66
929 327 969 359 .-·

286 488 488 554 iudicandum
513 497 561 554 est
583 487 622 554 de
648 489 866 554 obtrectatoris
878 489 982 555 studio
999 489 1125 556 aBruto
1149 495 1260 574 poetae
1282 490 1440 557 nuntiato:

285 600 337 684 lli,
360 603 421 681 9,1
448 621 510 684 sq:

438 715 528 788 Quod,
551 715 593 776 sit
616 715 648 777 in
672 715 723 776 his
746 699 855 778 eadem
878 715 1045 796 sententia,
1070 715 1175 791 Brute,
1199 715 1328 792 libellis,

491 825 638 888 Carmina
660 826 766 895 nescio
789 844 883 906 quern
907 845 1033 906 carpere
1056 830 1165 888 nostra
1187 829 1283 890 refers
1308 876 1314 888 .
1340 875 1345 888 .
1370 824 1403 888 ,Ι

371 934 481 999 Nonne
519 934 568 1003 his
606 940 748 1020 apparet,
786 941 906 1018 partem
942 937 1077 1018 aliquam
1116 937 1288 1000 carminum
1323 937 1383 1000 ianr
1417 937 1446 1000 in

286 1045 447 1130 publicum
472 1046 598 1127 exiisse,
620 1046 666 1110 ita
688 1051 722 1110 ut
745 1052 775 1110 et
797 1046 996 1112 inimicorum
1021 1047 1302 1112 obtrectationibus
1324 1052 1356 1112 et
1371 1047 1446 1112 ami·

286 1177 393 1222 corum
418 1157 532 1222 studiis
555 1162 688 1242 possent
710 1157 832 1248 agitari,
868 1164 1033 1242 antequam
1064 1164 1162 1222 toturn
1187 1177 1266 1242 opus
1290 1158 1448 1224 ederetur?

234 1329 238 1336 .
290 1267 394 1334 Paene
417 1269 479 1332 iam
505 1288 542 1332 eo
565 1268 782 1349 refugiendum
808 1266 943 1349 videtur,
973 1275 1007 1334 ut
1027 1269 1186 1334 rationum
1211 1288 1307 1354 supra
1329 1271 1449 1354 exposi-

289 1383 392 1444 tarum
416 1380 631 1455 immemores,
654 1386 717 1445 tres
741 1381 864 1464 priores
887 1380 984 1446 libros
1008 1381 1147 1464 singulos
1169 1382 1202 1446 in
1219 1402 1274 1446 ora
1289 1381 1448 1446 bominum

287 1491 413 1554 venisse
438 1495 623 1573 statuamus,
669 1489 732 1555 Sed
754 1494 918 1575 perverse!
961 1491 1040 1555 Nam
1064 1491 1232 1559 difficultas
1256 1492 1313 1556 hac
1329 1493 1447 1556 ratione

263 1603 419 1667 'minime
441 1601 572 1669 tollitur.
618 1601 653 1666 Si
682 1602 766 1667 eninr
790 1603 860 1686 „bis
883 1601 1018 1667 libellis'’
1041 1603 1281 1668 obtrectatorem
1305 1605 1450 1668 nocuisse

285 1714 374 1795 dicit,
409 1715 536 1779 tertium
573 1733 696 1797 quoque
729 1713 845 1778 librum
880 1715 949 1778 siue
978 1713 1072 1779 dubio
1096 1719 1162 1778 tum
1186 1715 1310 1779 demum
1335 1714 1449 1778 editum

288 1845 352 1888 una
385 1845 455 1889 cum
486 1824 608 1890 duobus
637 1825 796 1908 prioribus
820 1824 1048 1910 complectitur.
1094 1824 1161 1902 Quo
1185 1825 1281 1906 igitur
1302 1847 1361 1890 nos
1384 1845 1450 1890 ver·

289 1937 412 2002 tamus?
456 1934 537 2000 Num
574 1937 680 2000 lictum
719 1957 788 2001 esse
821 1937 965 2002 nuntium
999 1936 1085 2001 illum
1121 1935 1258 2001 aBruto
1291 1944 1449 2022 acceptum

288 2048 525 2113 existimemus?
570 2047 612 2114 At
635 2048 787 2132 epistolae
811 2054 993 2130 argumento
1017 2055 1141 2132 pobtam
1165 2068 1228 2113 non
1252 2048 1290 2112 ad
1315 2068 1382 2114 eam
1399 2047 1450 2113 lic-

285 2160 403 2223 tionem
429 2159 543 2226 deduci
567 2161 714 2245 oportuit.
760 2159 810 2224 An
843 2179 906 2224 non
930 2159 969 2224 de
991 2158 1133 2225 Ponticis
1156 2159 1310 2243 epistolis,
1336 2159 1393 2224 sed
1416 2159 1450 2222 de

287 2271 445 2337 Tristibus
469 2273 644 2355 ceterisque
668 2271 758 2336 libris
786 2270 891 2356 priore
922 2271 1005 2336 exilii
1029 2278 1171 2356 tempore
1194 2271 1287 2336 editis
1310 2270 1451 2334 invidum

289 2383 375 2448 illum
402 2383 536 2463 maligne
560 2382 729 2462 iudicasse,
754 2380 936 2446 credamus?
981 2382 1025 2447 At
1041 2383 1093 2465 „in
1110 2382 1158 2446 his
1175 2381 1323 2461 libellis'',
1340 2401 1450 2465 nempe

287 2515 366 2578 quos
399 2500 495 2578 poete
526 2494 689 2558 etiamtum
722 2495 755 2556 in
789 2493 935 2580 manibus
969 2492 1072 2574 habet,
1107 2493 1184 2560 vitia
1210 2493 1264 2558 illa
1287 2490 1450 2558 offensioni

286 2607 385 2671 luisse
409 2605 631 2690 comperimus.
678 2603 898 2685 Quamobrem,
923 2625 993 2668 cum
1009 2626 1110 2689 neque
1127 2605 1267 2686 singulos
1283 2602 1382 2668 libros
1399 2623 1450 2688 per

288 2737 322 2782 se
357 2717 458 2781 editos
494 2737 563 2781 esse
598 2715 750 2781 credibile
784 2717 836 2796 sit,
874 2735 976 2800 neque
1013 2718 1051 2781 de
1075 2716 1144 2780 aliis
1167 2715 1230 2780 nisi
1253 2715 1292 2780 de
1314 2714 1450 2779 Ponticis

190 2825 193 2828 ’
216 2841 218 2844 ’
290 2828 433 2913 epistolis
451 2829 501 2910 agi
517 2833 680 2912 appareat,
706 2828 738 2892 id
755 2826 855 2892 solum
873 2828 1070 2910 relinquitur,
1087 2836 1121 2893 ut
1136 2826 1277 2907 singulas
1293 2826 1450 2910 epistolas,

290 2949 458 3022 antequam
492 2939 644 3005 librorum
679 2958 812 3024 corpora
840 2921 1022 3019 ederentur,
1058 2959 1120 3002 non
1154 2937 1246 3022 plane
1274 2938 1307 3000 in
1330 2935 1451 3001 seriniis

289 3070 408 3130 eorum,
444 3051 483 3114 ad
518 3071 596 3134 quos
630 3050 720 3114 datae
755 3058 854 3130 erant,
877 3049 1007 3115 latuisse
1031 3055 1213 3114 statuamus.
1259 3047 1450 3131 Quamquam

292 3163 475 3246 priusquam
501 3182 608 3227 omnes
633 3145 815 3226 coniunctas
839 3161 957 3242 ederet,
993 3167 1087 3247 poeta
1121 3160 1189 3224 sine
1212 3160 1308 3225 dubio
1332 3161 1451 3224 veniam

291 3274 461 3337 amicorum
487 3273 547 3338 sibi
571 3273 773 3358 comparavit.
818 3273 895 3337 Nam
919 3272 952 3336 hi
970 3271 1038 3352 soli,
1057 3272 1109 3355 qui
1125 3271 1242 3336 Rornae
1258 3277 1356 3350 erant,
1375 3270 1452 3334 scire

291 3392 447 3469 poterant,
471 3403 545 3450 uum
570 3382 647 3448 illud
669 3383 730 3447 iam
755 3383 822 3449 lieri
846 3393 955 3469 posset
971 3385 1038 3448 sine
1052 3383 1253 3467 imperatoris
1270 3381 1448 3447 offensione.

295 3494 394 3572 Quam
419 3495 542 3560 veniam
577 3514 639 3580 nep
679 3493 717 3559 ab
752 3494 898 3559 omnibus
932 3514 1113 3559 concessam
1148 3513 1217 3560 esse
1251 3515 1288 3558 ex
1322 3491 1453 3579 epistola

295 3605 346 3682 ΙΙΙ,
360 3609 380 3671 6
396 3607 625 3687 cognoscimus.
661 3605 723 3670 Sed
746 3626 808 3670 non
832 3612 896 3670 tum
915 3607 1063 3691 primum,
1087 3625 1157 3670 oum
1181 3605 1252 3670 libri
1277 3604 1451 3682 ederentur,

295 3718 418 3798 singula
452 3718 591 3782 carmina
627 3717 660 3780 in
698 3737 809 3782 manus
844 3717 1014 3780 amicorum
1048 3714 1452 3802 pervenisse,·Dinterus¹)

292 3828 414 3893 duabus
436 3827 613 3893 rationibus
641 3828 865 3913 comprobavit.
916 3827 1057 3894 Primum
1081 3849 1118 3893 ea
1140 3833 1213 3912 sunt
1234 3827 1451 3893 nonnullorum

295 3945 488 4028 argumente,
524 3943 645 4004 utnon
681 3961 717 4004 ex
750 3940 898 4006 universo
933 3940 1092 4005 scribendi
1115 3938 1231 4021 studio,
1256 3939 1312 4005 sed
1335 3959 1351 4003 e
1374 3944 1454 4001 certa

293 4050 398 4134 aliqua
420 4070 517 4117 causa
539 4055 632 4134 atque
666 4051 831 4116 occasione
865 4073 902 4118 ea
936 4058 1003 4117 orta
1026 4051 1236 4136 perspiciatur
1259 4047 1453 4136 (praesertim

361 4291 383 4358 ¹)
403 4291 500 4345 Dinter
518 4307 585 4348 corn.
604 4291 626 4345 Ι,
645 4308 670 4360 p.
689 4292 706 4343 4
724 4307 764 4361 sq.
