3184 5008
728 327 932 420 „⁶2ss

386 489 398 521 Ι

239 546 343 612 miuus
371 553 453 609 recte
487 544 535 608 vel
563 549 705 608 accurate
739 544 842 626 posita
863 543 1042 624 videantur,
1068 563 1105 605 ea
1127 531 1402 622 via'iugredieuda

241 676 428 740 semperque
451 655 588 719 tenenda
607 663 663 733 est,
689 665 722 716 ut
747 673 783 717 ex
808 655 886 738 ipsis
911 655 1080 738 praecipue
1103 647 1289 732 rationibus,
1323 673 1402 735 quae

241 769 322 832 iuter
346 765 468 847 singula
491 767 630 829 carmine
653 763 855 847 singulosque
888 763 985 828 libros
1020 763 1227 842 intercedunt,
1263 771 1403 847 tempora
1433 806 1438 814 -

199 887 202 896 ’
245 896 352 941 eruere
376 897 532 957 conemur,
556 883 739 957 argumenta
762 897 777 938 e
800 894 902 939 rerum
927 876 1080 938 memoria
1096 876 1290 939 extrinsecus
1307 872 1402 953 illata,

241 988 304 1052 nisi
328 1008 407 1070 quae
431 995 461 1051 et
485 987 660 1052 certissima
694 993 777 1064 sunt,
815 993 845 1049 et
872 986 910 1048 ad
935 986 1151 1069 quaestionem
1177 983 1401 1050 absolvendam

242 1098 430 1178 necessaria
454 1099 594 1162 secundo
619 1096 742 1161 demum
766 1096 834 1160 loco
858 1096 1073 1162 adhibeamus.
1112 1097 1189 1160 Nam
1213 1095 1245 1160 id
1269 1095 1404 1159 maxime

242 1208 389 1293 displicet
410 1209 442 1272 in
466 1229 584 1282 eorum,
609 1211 662 1291 qui
685 1215 793 1272 nostra
816 1215 914 1270 aetate
938 1207 1112 1272 doctrinam
1131 1209 1354 1289 ingeniumque
1372 1207 1403 1269 iu

243 1319 301 1383 boc
324 1339 434 1405 campo
469 1326 682 1399 exercuerunt,
707 1316 1017 1402 disputationibus¹)‚
1057 1319 1138 1402 quod
1172 1317 1282 1402 paucis
1315 1317 1404 1394 locis,

245 1417 358 1513 quibus
383 1429 514 1495 Ovidius
538 1450 640 1494 rerum
676 1438 775 1494 aetate
804 1429 905 1514 ipsius
928 1437 1084 1510 gestarum
1110 1430 1296 1494 mentionem
1321 1427 1404 1508 facit,

243 1541 374 1606 nimium
399 1541 546 1625 ponderis
569 1541 757 1606 tribuerunt.
816 1539 1013 1617 Quinetiam
1039 1539 1179 1604 nonnulli
1203 1562 1240 1604 ea
1274 1538 1340 1603 sola
1366 1537 1404 1601 de

242 1672 339 1716 causa
372 1651 410 1715 ad
445 1652 584 1715 carmina
619 1650 773 1716 Ovidiaua
807 1658 1017 1732 accesserunt,
1054 1658 1087 1714 ut
1123 1671 1214 1734 quam
1239 1649 1277 1714 de
1300 1667 1403 1714 rerum

245 1763 453 1845 quarundam,
479 1770 645 1845 quactum
683 1771 861 1844 evenerunt,
897 1762 1090 1847 temporibus
1125 1761 1310 1826 sententiam
1346 1759 1406 1823 sibi

243 1873 460 1938 confinxerant
493 1873 721 1938 confirmarent.
793 1873 882 1938 Unde
915 1879 1035 1956 quauta
1069 1873 1254 1937 immineant
1288 1871 1402 1936 Ouidio

246 1983 385 2068 pericula
407 1983 498 2048 facile
522 1984 722 2062 intellegitur.
769 1983 855 2050 Unus
879 1994 982 2050 tamen
1005 1986 1052 2047 vir
1075 1977 1210 2062 doetus'
1229 1982 1405 2060 Massones,

246 2094 450 2178 excipiendus
474 2102 532 2174 est,
558 2097 610 2178 qui
635 2096 714 2158 banc
736 2095 931 2180 provinciam
957 2101 987 2160 et
1009 2095 1130 2179 primus
1150 2094 1320 2158 maioribus
1338 2112 1406 2157 cum

249 2207 349 2289 copiis
385 2206 547 2286 ingressus
581 2213 639 2282 ost,
674 2213 704 2269 et
736 2207 854 2290 optime
887 2206 1125 2270 administravit.
1177 2205 1273 2268 Cuius
1298 2204 1407 2266 merito

246 2315 404 2380 offlectam
427 2324 485 2396 est,
510 2325 544 2380 ut
566 2319 770 2392 fundamenta
792 2317 983 2399 quamstionis
1008 2317 1040 2379 iu
1057 2317 1235 2379 universum
1255 2314 1318 2377 iam
1333 2312 1408 2376 satis

246 2427 386 2492 stabilita
409 2428 480 2491 sint.
527 2427 590 2490 Sed
614 2435 645 2491 et
667 2428 788 2516 eiuset
810 2435 985 2492 ceterorum
1010 2428 1148 2490 rationes
1175 2423 1307 2506 singulis
1331 2423 1409 2486 locis

246 2539 473 2602 examinandae
498 2547 596 2604 erunt.

335 2759 471 2826 Primum
496 2768 597 2824 autem
622 2762 654 2824 in
678 2781 773 2825 uuum
798 2781 1022 2846 componamus
1046 2782 1099 2825 ecs
1121 2760 1218 2839 locos,
1243 2759 1274 2821 iu
1299 2757 1412 2840 quibus

248 2872 342 2935 cardo
367 2872 560 2953 quaestionis
581 2878 732 2954 versatur,
765 2879 798 2936 ut
819 2879 932 2936 natura
954 2878 984 2936 et
1006 2871 1111 2936 indole
1134 2891 1241 2936 eorum
1266 2873 1409 2932 accurate

249 2987 427 3066 perspecta,
451 3001 688 3063 cognoscamus,
713 3002 774 3064 quo
797 2978 890 3046 modo
915 2990 945 3046 et
968 3003 1038 3048 cum
1060 2983 1163 3051 fructu
1187 2986 1218 3045 et
1241 2979 1309 3043 sine
1328 2976 1411 3060 peri-

250 3092 317 3157 culo
344 3093 386 3157 in
420 3113 509 3157 usum
545 3094 648 3156 vocari
683 3094 817 3177 possint.
863 3094 989 3158 Scilicet
1024 3093 1274 3158 desistentem
1298 3091 1413 3169 egitur,

252 3204 366 3286 quibus
399 3205 552 3287 temporis
585 3202 737 3268 indicium
771 3203 808 3270 tit
842 3205 980 3270 numeris
1015 3204 1203 3285 disertisque
1234 3200 1338 3266 verbis
1362 3220 1414 3264 ex·

250 3335 403 3398 pressum.
452 3314 531 3379 Sunt
555 3323 656 3379 aunem
682 3315 727 3380 bi:

321 3488 343 3551 ¹)
369 3489 439 3540 Sunt
457 3495 546 3540 autem
565 3485 592 3539 hi
612 3488 679 3540 fere:
700 3487 849 3540 blascones:
869 3488 912 3551 „P.
934 3486 1024 3540 Ovidii
1044 3485 1162 3539 Nasonis
1180 3487 1236 3538 vita
1255 3483 1323 3537 etc.”
1342 3485 1368 3534 et
1386 3482 1415 3534 in

251 3581 399 3634 Heinsiona
417 3585 443 3632 et
461 3582 489 3634 in
508 3581 708 3634 Burmanuiana
726 3581 844 3634 editione
862 3581 932 3650 typis
952 3596 1082 3649 expressa.
1101 3609 1132 3617 -
1154 3579 1185 3632 H.
1207 3579 1338 3631 Broudos:
1361 3577 1412 3629 Zur

252 3675 401 3742 Zeitgesch.
414 3675 438 3728 d.
450 3675 523 3727 Kais.
534 3674 678 3740 Augustus.
698 3675 828 3728 Fleckeis.
841 3675 896 3741 115,
908 3691 933 3742 p.
944 3675 993 3728 349
1004 3691 1061 3742 sqq.
1074 3701 1103 3710 -
1116 3674 1211 3742 Meyer:
1228 3671 1409 3725 111θῦ110110-

251 3769 324 3837 logie
342 3769 389 3822 der
408 3769 696 3822 OvidischenTristien
714 3785 740 3822 u.
759 3768 847 3821 Briefe
865 3784 913 3820 aus
933 3767 1035 3820 Pontus
1054 3769 1103 3820 mit
1120 3765 1275 3832 Beaiehnng
1294 3764 1342 3817 auf
1360 3762 1411 3816 das

251 3863 320 3916 Juhr
346 3863 392 3916 der
419 3862 546 3915 Scblacht
573 3863 609 3914 im
637 3861 823 3929 Teutoburger
847 3861 949 3915 Walde.
997 3860 1133 3914 Zeitschft.
1151 3859 1170 3912 l'.
1190 3858 1287 3926 Gymn.
1341 3856 1413 3922 1878,

252 3975 276 4026 p.
295 3957 344 4011 449
363 3974 421 4025 sqq.
440 3986 471 3993 -
493 3956 617 4008 Grcebcr:
645 3955 839 4021 Quaestionum
858 3955 1050 4007 Ovidianarum
1068 3968 1130 4022 purs
1148 3953 1229 4020 prior.
1265 3933 1415 4004 Elberield

255 4053 327 4106 1881,
346 4077 378 4087 -
396 4051 502 4103 Sobata:
520 4049 696 4114 Quaestiones
716 4048 864 4102 Ouidianae
882 4048 945 4102 diss.
981 4047 1101 4101 Greifsw.
1123 4047 1195 4099 1883.
1214 4075 1245 4082 -
1266 4043 1364 4114 Wb'lffel
1381 4044 1410 4096 iu

254 4123 466 4212 praefationibus
487 4142 601 4209 singulis
622 4142 753 4195 versionis
771 4142 941 4208 germanicae
966 4139 1086 4194 fesiculis
1104 4140 1267 4209 praemissis.
1307 4137 1411 4189 Leatscb

253 4237 339 4290 Ersch
357 4253 383 4290 u.
396 4236 502 4290 Gruber
520 4236 590 4291 Sect.
604 4235 654 4290 ΙΙΙ.
674 4235 755 4290 νοΙ.8
772 4253 797 4304 p.
811 4237 844 4288 48
858 4235 885 4288 ff.
923 4235 1002 4287 Locro
1021 4235 1049 4286 in
1068 4232 1265 4300 prolegomenis
1285 4231 1417 4284 Tristinm

252 4331 375 4397 editioni,
395 4346 463 4398 quae
481 4330 584 4398 prodiit
610 4345 680 4383 anno
699 4329 725 4384 b.
744 4347 766 4385 s,
784 4329 899 4382 XXXIX
916 4329 1079 4398 praemissis.
