3178 5018
626 394 929 470 -113-s'

31 562 36 686 J
88 681 91 688 Ι
159 579 218 648 bus
241 580 280 646 ad
304 601 375 646 eum
399 580 613 666 spectantibus
635 580 783 664 cognosci
805 601 868 648 non
898 584 1014 668 potest,
1038 581 1121 667 data,
1144 583 1177 649 iu
1204 582 1321 668 quibus

158 696 336 778 temporum
358 690 478 758 indicia
498 690 585 761 nulla
605 696 767 786 apparent

243 913 324 996 lam,
353 933 433 998 quoe
456 913 495 980 de
516 913 596 980 libro
621 919 729 1000 quarto
763 915 906 1001 exposita
937 921 1037 1006 suut,¹
1063 916 1320 1004 complectamur:

159 1023 253 1090 Certo
287 1024 421 1112 tempori
454 1025 590 1091 adscribi
610 1029 744 1112 possunt
765 1025 918 1112 epistolae
940 1047 1012 1111 sex,
1036 1048 1053 1094 e
1076 1029 1190 1114 quibus
1213 1029 1265 1115 lv,
1282 1030 1320 1114 V,

25 1171 26 1176 κ
125 1123 132 1141 ’
160 1133 353 1218 v12v111,x
387 1142 440 1201 aut
472 1136 564 1220 paolo
598 1142 680 1220 ante,
715 1141 769 1202 aut
800 1135 893 1222 paulo
927 1143 1000 1224 post
1020 1140 1155 1222 Augusti
1190 1147 1319 1207 mortem

158 1247 293 1332 scriptae
327 1251 416 1328 sunt3
450 1247 583 1333 epistola
600 1246 647 1313 ‹lX
681 1268 744 1313 non
777 1252 883 1333 potest
915 1269 985 1315 esse
1015 1255 1088 1315 nata
1110 1255 1183 1317 anto
1206 1239 1320 1318 annum

163 1359 285 1432 tolno.
345 1356 420 1424 Post
454 1359 577 1445 priores
599 1357 800 1424 Ponticarum
842 1359 1045 1445 epistolarum
1081 1361 1178 1428 libros
1215 1361 1316 1428 editos

158 1467 309 1558 Pompeio
331 1471 430 1557 missa
452 1477 501 1536 est
523 1471 657 1556 epistola
678 1470 706 1551 Ι,
742 1471 781 1535 ad
805 1470 929 1536 hiemen
953 1492 1105 1538 annorum
1130 1473 1233 1555 tetre,
1268 1481 1323 1540 aut

158 1567 207 1646 ad*
220 1561 381 1648 ineuntem
403 1580 536 1648 hiemem
560 1603 710 1664 annorum
730 1581 821 1658 15t16
844 1582 1007 1648 referenda
1029 1590 1077 1649 est
1092 1583 1320 1670 epistolalllll.

158 1691 279 1758 Incerto
312 1698 452 1779 tempore
485 1705 559 1780 post
581 1693 716 1774 Augusti
751 1698 882 1758 mortem
906 1691 946 1758 ad
969 1691 1151 1780 Pompeium
1176 1695 1248 1760 date
1274 1702 1322 1762 est

159 1802 293 1889 epistola
306 1799 374 1886 XV,
408 1823 510 1888 noque
543 1803 648 1870 minus
672 1803 799 1869 liborio
833 1799 899 1868 iom'
930 1811 1080 1887 regnanto
1102 1805 1141 1870 ad
1166 1805 1321 1872 Vestalem

159 1913 294 2000 epistola
316 1912 379 1980 VII.
425 1913 524 1980 Omne
557 1922 660 1980 autom
693 1916 844 2000 temporis
878 1913 1030 1980 indicium
1054 1915 1321 1983 desideramus'in
1359 1999 1361 2004 Α
1426 1961 1427 1966 1

161 2027 305 2119 epistolis
319 2026 364 2093 XI
387 2034 417 2092 et
431 2025 512 2094 XVI.
551 2027 600 2092 Ad
622 2028 711 2114 prius
735 2026 869 2112 denique
892 2034 1016 2114 tempus
1038 2028 1220 2095 referendae
1234 2028 1321 2094 visae

161 2144 234 2205 sunt
256 2137 407 2225 epistolae
430 2136 469 2219 ll,
492 2137 544 2219 lll,
566 2136 635 2220 llll,
656 2136 738 2204 xlv.

245 2248 387 2315 Eandem
410 2251 506 2332 igitur
528 2250 592 2314 iere
615 2249 832 2346 condicionem
854 2250 948 2315 huius
972 2269 1096 2334 quoquo
1118 2248 1202 2332 libri,
1227 2271 1319 2336 quam
1378 2255 1381 2271 “

161 2360 300 2447 priorum
324 2360 419 2426 trium
442 2361 590 2452 librorum
610 2381 680 2428 csse
703 2361 915 2444 cognovimus.
961 2349 1168 2438 Quamobrem
1193 2380 1254 2425 uon
1278 2361 1322 2426 ita

158 2471 251 2554 longe
274 2491 380 2538 avero
404 2473 514 2538 abesse
537 2473 614 2538 mihi
637 2471 760 2538 videtur
781 2471 929 2537 Graeberi
953 2472 1135 2538 coniectura
1152 2472 1199 2538 bis
1217 2473 1321 2538 vorbis

160 2584 281 2668 prolata
318 2586 364 2670 (p.
380 2583 436 2667 IX)
476 2584 599 2667 „Facile
633 2584 782 2666 conicias,
816 2589 889 2670 post
921 2589 1052 2648 mortem
1078 2582 1183 2648 Ovidii
1212 2591 1322 2668 quarto

151 2693 251 2776 libro,
286 2715 406 2777 omncs,
441 2715 519 2780 quas
551 2695 680 2760 Romam
714 2715 751 2760 ex
773 2693 872 2770 Ponto
907 2694 1036 2760 miserat
1058 2693 1219 2780 epistolas,
1243 2715 1322 2778 quae

158 2804 299 2870 nondum
321 2805 479 2891 prioribus
502 2804 590 2870 libris
613 2807 857 2884 continerentur,
878 2812 908 2870 ct
931 2803 1074 2870 collectas
1099 2813 1129 2870 et
1145 2805 1176 2869 in
1192 2805 1321 2888 vulgum

159 2916 273 2982 missas
308 2935 377 2981 esse
410 2917 449 2981 ab
473 2916 573 2981 amico
597 2914 744 3001 quodam,
781 2910 925 2981 etiamsi
949 2935 1028 3001 quae
1051 2915 1114 2980 iam
1150 2924 1221 2982 ante
1258 2924 1322 2982 tres

160 3027 284 3111 priores
306 3026 403 3092 libros
426 3028 527 3093 editos
551 3027 687 3112 scriptae
714 3032 803 3093 erant
825 3079 832 3094 .
858 3077 865 3092 .
890 3027 918 3094 .''

245 3137 308 3205 Sed
341 3158 405 3205 nou
439 3138 537 3204 solum
574 3159 627 3204 eas
651 3138 801 3224 epistolas
823 3139 957 3206 insertas
980 3159 1049 3206 essc
1071 3139 1242 3206 verisimile
1264 3146 1323 3221 est,

160 3270 240 3335 quae
262 3249 402 3336 priorum
425 3250 518 3314 trium
541 3249 692 3316 librorum
707 3257 849 3344 tempore
864 3251 1039 3337 composita
1055 3251 1119 3316 sint
1134 3253 1185 3336 (ut
1199 3251 1325 3317 videtur

160 3359 335 3442 Graeberus
358 3361 560 3444 existimare),
585 3362 641 3428 sed
664 3363 758 3429 etiam
780 3381 844 3428 una
865 3363 995 3428 minime
1015 3363 1099 3429 inest
1113 3361 1181 3448 (lv,
1194 3363 1227 3446 3)
1245 3383 1324 3448 quae

160 3471 201 3538 cd
223 3473 360 3559 primum
385 3471 469 3539 exilii
493 3479 619 3560 tempus
642 3475 785 3560 pertinet.
