3178 5018
717 309 924 374 ..gg-

241 494 356 578 quibus
379 494 614 577 concludamus,
639 471 733 562 etiam
749 497 794 562 eis
811 497 920 562 amicis
938 495 976 562 ab
993 491 1106 562 Ouidio
1124 495 1274 580 epistolas
1292 495 1405 560 missas

239 611 272 670 et
292 606 426 672 inuicem
451 607 490 671 ab
513 606 576 672 illis
600 609 743 692 acceptas
766 623 847 688 esse,
863 635 866 644 ·
884 608 937 690 qui
966 609 998 672 in
1028 606 1199 692 provinciis
1224 606 1405 673 muneribus

237 713 448 798 iungerentur.
495 717 563 794 Quo
598 725 698 802 pacto,
724 718 843 784 tollitur
869 718 1036 784 difficultas
1066 718 1130 800 illa,
1155 737 1216 802 qua
1239 718 1406 802 quominus

238 827 389 912 epistolas
412 827 469 910 le
492 834 524 893 et
552 827 623 910 Il‚6
656 828 695 893 ad
729 830 816 914 prius
841 829 924 894 exilii
948 836 1073 914 tempus
1096 831 1294 910 referremus,
1318 829 1406 892 vide-

238 938 355 1004 bamini
379 939 549 1025 prohiberi.

325 1051 454 1116 Ceterae
490 1051 583 1115 trium
617 1050 769 1116 librorum
805 1050 970 1136 epistolae,
1006 1057 1040 1115 ut
1062 1051 1405 1134 omuibustemporum

195 1169 196 1174 ’
239 1161 366 1226 indiciis
380 1161 558 1244 destitutae,
576 1181 636 1246 quo
650 1181 731 1226 anno
744 1170 829 1226 ortae
842 1163 915 1243 sint,
933 1163 964 1227 in
979 1161 1082 1226 medio
1094 1161 1334 1246 relinquendum
1348 1168 1405 1226 est.

322 1271 510 1353 Restabat,
534 1293 614 1356 quae
637 1273 695 1336 hac
719 1275 913 1357 quaestionis
937 1282 1024 1358 parte
1047 1273 1188 1338 effecisse
1204 1273 1295 1338 nobis
1318 1273 1405 1336 vide-

241 1405 340 1464 amur,
364 1385 515 1448 inunum
541 1391 741 1469 conspectum
777 1405 942 1470 ponamus:
978 1388 1080 1468 Atque
1105 1384 1253 1469 epistolas
1277 1383 1403 1467 quidem

240 1493 262 1575 Ι,
280 1495 294 1558 1
322 1503 353 1559 et
375 1494 458 1576 lll,9
480 1500 619 1580 perfecto
643 1496 779 1581 denique
803 1497 890 1581 operi
907 1497 1044 1560 adiectas
1066 1517 1136 1560 esse
1152 1501 1404 1576 argumentorum

241 1612 353 1670 natura
376 1605 475 1672 docet:
521 1606 660 1670 Duorum
695 1615 796 1672 autem
833 1608 1005 1672 carminum
1036 1605 1106 1690 (lp‘l
1130 1614 1162 1672 et
1185 1606 1205 1685 1,
1220 1607 1252 1687 8)
1277 1605 1403 1670 disertis

238 1716 415 1781 testimonis
439 1716 568 1782 alterum
592 1717 688 1782 hiemi
712 1737 865 1783 annorum
892 1721 994 1800 laum,
1029 1717 1162 1782 alterum
1191 1725 1341 1780 autumno
1366 1719 1405 1780 13

236 1827 424 1894 attribuitur.
463 1811 659 1893 Deinde'sex
681 1828 832 1914 epistolas
855 1829 908 1911 (ll,
925 1828 1060 1910 1‚-11‚2‚
1086 1829 1121 1909 ll,
1135 1829 1166 1903 5,
1191 1826 1241 1908 Ill,
1257 1831 1285 1908 l,
1310 1826 1360 1907 ΙΙΙ,
1373 1829 1405 1908 3,

236 1935 287 2019 ΙΙΙ,
300 1938 336 2020 4)
369 1945 442 2022 post
475 1937 594 2002 'liberii
627 1939 832 2024 triumphum,
868 1941 974 2005 decem
1010 1939 1049 2022 (l,
1062 1941 1092 2019 4,
1117 1940 1140 2018 l,
1154 1941 1185 2020 9,
1211 1938 1233 2020 l,
1249 1941 1298 2034 ill,
1323 1937 1360 2015 ΙΙ,
1373 1939 1404 2016 3,

235 2047 273 2130 u,
288 2049 316 2128 r,
342 2047 378 2126 11,
392 2051 422 2128 s,
446 2048 484 2130 n,
500 2051 548 2131 10,
573 2047 623 2130 m,
638 2049 669 2131 5,
693 2048 790 2132 nuc,
814 2049 866 2127 ur,
882 2051 914 2134 a)
948 2050 1125 2135 posteriore
1156 2048 1404 2132 omnitempore

236 2167 319 2223 ortas
343 2177 413 2223 esse
437 2166 577 2244 apparet.
622 2155 648 2224 Ε
683 2159 813 2244 reliquis
849 2161 1014 2226 duodecim
1049 2159 1195 2244 epistolis
1219 2179 1282 2223 una
1305 2158 1356 2239 (lt,
1369 2161 1404 2240 8)

236 2275 307 2333 ante
330 2269 482 2356 triumphi
505 2277 629 2356 tempus
652 2271 825 2352 reicienda,
855 2272 995 2354 quinque
1015 2271 1054 2354 (1,
1067 2273 1099 2350 3,
1130 2270 1152 2351 l,
1166 2271 1196 2344 6,
1225 2270 1248 2351 l,
1263 2271 1292 2348 7,
1323 2267 1358 2346 ll,
1372 2271 1412 2348 6,’

237 2377 274 2460 ll,
289 2381 322 2461 8)
357 2382 550 2462 argumentis
585 2381 728 2464 quamvis
762 2401 826 2445 nou
860 2381 977 2465 ubique
1010 2401 1108 2465 aeque
1131 2381 1279 2461 gravibus
1304 2380 1401 2466 priori

235 2489 319 2554 exilii
344 2492 480 2574 tempori
504 2491 725 2557 attribuuntur.
769 2494 874 2576 Atque
909 2490 961 2556 hie
988 2491 1113 2575 quidem
1139 2493 1173 2556 in
1196 2491 1330 2572 singulis
1354 2510 1403 2554 ar-

236 2601 505 2682 gumentationem
530 2611 671 2666 nostram
696 2601 735 2666 ab
759 2602 918 2668 erroribus
941 2623 1003 2666 uon
1028 2604 1174 2667 omniex
1193 2610 1281 2686 parte
1301 2601 1403 2666 muni-

40 2752 43 2763 ι
143 2799 146 2807 k
237 2713 302 2808 tqlm
343 2731 412 2776 esse
450 2712 685 2778 concedendum
724 2719 782 2781 est.
826 2712 981 2780 Universa
1014 2698 1115 2779 autem
1153 2715 1403 2796 sententiaque

234 2823 341 2886 inesse
366 2822 414 2887 bis
436 2807 527 2889 libris
549 2825 690 2890 earmina
712 2825 817 2909 priore
832 2833 974 2910 tempore
990 2834 1068 2908 orta,
1086 2825 1316 2902 contendimus,
1335 2821 1401 2888 sola

236 2932 438 3018 epistolarum
463 2932 486 3016 l,
499 2937 530 3016 3,
555 2934 578 3017 l,
591 2935 622 3016 6,
646 2935 719 3016 11,ss
742 2937 991 3021 perscrutatione
1015 2938 1091 3002 satis
1115 2937 1325 3002 conlirmatur.

319 3044 408 3108 Nunc
443 3044 567 3109 demum
602 3045 825 3128 intellegimus
846 3055 978 3130 quanta
1008 3049 1049 3112 sit
1071 3047 1118 3110 vis
1142 3048 1305 3112 verborum
1330 3044 1400 3109 illo·

231 3173 299 3218 rum
323 3153 374 3234 ΙΙΙ,
387 3155 482 3232 aba

255 3301 257 3306 s
382 3267 552 3330 Postmodo
576 3270 728 3332 collectus
751 3273 913 3350 utcunque
936 3267 1012 3334 sine
1034 3268 1159 3334 ordine
1182 3271 1272 3333 iurrxi
1297 3319 1302 3331 .
1332 3319 1337 3330 .
1364 3303 1375 3330 .·

233 3395 335 3459 neque
367 3395 532 3461 perperam
568 3378 651 3442 dicta
684 3399 755 3444 esse
780 3380 985 3464 perspicitur,
1010 3399 1090 3463 quae
1115 3381 1152 3444 de
1176 3381 1221 3445 eis
1246 3399 1342 3463 supra
1364 3380 1396 3442 in

233 3488 416 3552 universum
450 3489 641 3554 monuimus.
687 3489 765 3554 N'am
799 3511 862 3554 non
898 3490 998 3556 solum
1033 3491 1243 3556 intra‘breve
1271 3489 1397 3574 aliquod

233 3599 386 3684 temporis
421 3600 556 3684 spatium
590 3605 767 3686 temporum
803 3601 944 3666 ordinem
973 3621 1036 3667 non
1060 3609 1216 3668 servatum
1240 3623 1322 3684 esse,
1346 3601 1401 3694 sed

235 3710 328 3774 etiarn
353 3708 446 3774 altius
469 3717 595 3795 poetam
618 3712 751 3776 rediisse
775 3712 1007 3794 cognoscimus,
1031 3722 1065 3779 ut
1085 3713 1236 3795 membra,
1254 3712 1401 3796 equibus

233 3820 293 3885 boc
316 3840 430 3906 corpus
454 3826 701 3903 connecteretur,
726 3821 895 3904 colligeret.
924 3821 1011 3900 Quae
1035 3824 1190 3888 sententia
1213 3823 1279 3888 solo
1303 3825 1398 3888 etiam

234 3933 407 3998 carminum
431 3953 561 3998 numero
585 3933 835 4016 commendatur,
854 3955 951 4018 quem
976 3955 1037 4000 non
1061 3935 1232 4000 verisimile
1256 3940 1304 4000 est
1321 3935 1402 3998 intra

234 4044 386 4128 temporis
421 4043 558 4130 spatium
596 4065 677 4110 anno
711 4066 774 4112 nou
800 4045 924 4128 longius
948 4067 1102 4111 unacum
1127 4046 1266 4136 carmine
1290 4045 1401 4110 trium·

234 4152 322 4238 phali
346 4155 554 4239 compositum
579 4175 649 4222 esse
663 4155 702 4221 ab
719 4175 755 4221 eo
771 4162 875 4240 poeta,
893 4157 946 4240 qui
963 4158 994 4222 in
1013 4164 1158 4242 quattuor
1174 4156 1401 4242 posterioribus

234 4265 385 4331 Tristium
419 4264 510 4331 libris
543 4271 606 4331 tres
639 4268 704 4332 iere
737 4266 848 4352 plenos
882 4287 981 4332 annos
1016 4269 1221 4352 consumpsit.
1272 4267 1403 4330 Summa
