3178 5018
258 581 396 663 indicat,
420 599 457 646 eo
475 579 555 648 bello
571 601 605 647 so
628 582 681 665 ,in
698 581 881 666 procinctu”
896 581 1036 646 earmina
1049 581 1152 646 facere
1175 585 1315 645 coactum
1340 579 1428 646 esse?

265 693 309 776 (v.
334 693 370 757 11
396 695 488 776 squ).
534 689 618 772 Ergo
643 691 753 757 eodem
775 697 928 776 tempore,
953 699 1101 757 autumno
1125 688 1427 773 anni132766,quo

263 823 388 869 carmen
412 803 620 888 compositum
644 809 692 868 est
714 803 766 886 (ci.
790 821 819 868 v.
836 803 878 870 27
893 803 966 887 sq),
988 797 1130 870 finitimis
1153 801 1255 868 turbis
1273 800 1427 883 Tomitae,

263 918 300 980 nt
322 934 408 978 arma
430 920 591 999 caperent,
614 913 764 978 commoti
787 917 889 983 sunt
914 917 955 978 At
976 912 1029 978 illo
1053 919 1194 998 tempore
1222 909 1427 978 CaecinaSe-

264 1043 357 1092 verus
381 1027 433 1091 vix
454 1026 487 1090 in
512 1025 646 1092 Thracia
668 1042 738 1092 esse
762 1032 895 1110 poterat,
919 1025 1037 1110 quippe
1061 1024 1114 1108 qui
1130 1023 1273 1108 proximo
1288 1030 1429 1108 tempore

265 1137 355 1203 alteri
379 1135 636 1203 Germanicorum
662 1135 852 1202 exercituum
878 1141 1039 1221 praeesset
1060 1135 1114 1219 (cf.
1127 1133 1202 1201 Tac.
1215 1136 1309 1200 Anm.
1325 1133 1429 1217 Ι,“31).

265 1243 400 1314 Tollitur
421 1249 517 1330 igitur
539 1267 577 1314 ea
598 1248 690 1327 ratio,
715 1267 777 1331 qua
800 1245 867 1314 sola
890 1245 1056 1313 Schulzius
1080 1246 1120 1311 ad
1143 1245 1226 1312 huuc
1248 1243 1349 1310 'virum
1372 1244 1428 1310 de-

265 1361 377 1425 ductus
401 1368 457 1426 est.

352 1469 414 1536 Sed
447 1471 480 1536 id
511 1489 638 1556 ¹quoque
671 1469 762 1536 facile
792 1470 916 1536 ostendi
937 1475 1051 1555 potest,
1074 1490 1117 1558 ne
1137 1468 1280 1555 potuisse
1303 1467 1430 1551 quidem

268 1580 433 1668 epistolam
457 1582 497 1646 ad
520 1601 589 1646 eum
614 1581 705 1648 mitti.
749 1581 826 1646 Nam
851 1601 928 1646 eane
956 1588 1004 1647 est
1026 1583 1092 1647 vita
1114 1580 1249 1646 bominis
1272 1599 1330 1664 per
1352 1598 1430 1662 qua-

266 1695 411 1776 draginta
433 1693 590 1778 stipendia
614 1693 744 1779 experti,
770 1693 857 1772 (Tac.
875 1691 957 1759 Anu.
974 1691 1026 1773 ΙΙΙ,
1043 1693 1098 1774 33)
1123 1690 1224 1775 qualis
1241 1689 1432 1756 describitur

265 1805 410 1871 versibus
433 1809 530 1890 supra
551 1803 699 1870 laudatis:
725 1803 790 1887 „Te
813 1803 905 1868 modo
929 1821 1061 1888 campus
1085 1801 1201 1868 babet.
1227 1853 1234 1866 .
1258 1854 1265 1869 .
1290 1801 1341 1868 .''?
1362 1799 1432 1884 Hoc

149 1936 152 1946 ‘
266 1915 332 1982 solo
356 1922 551 1997 argumento,
576 1936 668 1999 quam
692 1915 790 1980 futilis
815 1917 857 1981 sit
879 1915 1059 1979 coniectura
1080 1912 1134 1979 illa
1157 1914 1365 1996 cognoscitur.

352 2027 430 2092 Cum
454 2027 550 2108 igitur
571 2017 746 2106 videamus,
780 2037 882 2110 neque
909 2025 1078 2110 quidquam
1104 2023 1228 2105 obesse,
1262 2021 1431 2108 quominus

261 2139 305 2204 ad
329 2159 426 2204 unum
451 2138 649 2222 eundemque
672 2147 841 2221 utrumque
864 2157 988 2202 carmen
1012 2137 1142 2202 missum
1161 2155 1231 2200 esse
1246 2141 1431 2214 statuamus,

265 2271 368 2334 neque
384 2249 507 2314 idoneis
525 2248 716 2331 argumentis
733 2247 941 2314 demonstrari
962 2268 1068 2333 posse,
1086 2245 1180 2312 alium
1200 2246 1231 2310 in
1249 2246 1318 2324 boc,
1336 2244 1432 2309 ulium

264 2363 297 2426 in
321 2361 374 2426 iilo
398 2360 642 2441 intellegendum
668 2379 750 2440 esse,
775 2358 841 2424 sola
856 2359 1046 2443 relinquitur
1060 2366 1238 2444 temporum
1252 2354 1432 2438 difficultas,

266 2494 328 2557 qua
351 2472 519 2557 quominus
543 2471 581 2536 de
604 2471 721 2536 Severo
745 2477 839 2557 poeta
862 2471 893 2536 in
917 2473 1023 2557 priore
1047 2489 1171 2555 quoque
1186 2469 1324 2536 carmine
1341 2468 1428 2550 cogi·

263 2591 369 2649 temus
393 2584 552 2669 possimus
575 2581 747 2668 prohiberi.

351 2695 428 2758 Eam
452 2701 553 2759 autem
590 2693 844 2778 explicationem,
878 2694 911 2758 in
946 2714 1008 2778 qua
1029 2691 1201 2759 Merkelius
1224 2699 1256 2758 et
1277 2688 1430 2758 Dinterus

232 2825 233 2830 ¹
265 2807 502 2889 acquieverunt,
539 2811 675 2891 podiam,
712 2825 780 2870 cum
816 2804 980 2890 epistolam
1014 2804 1099 2888 lv,2
1133 2811 1343 2889 componeret,
1366 2821 1431 2868 non

266 2917 448 2983 meminisse
468 2917 600 3004 prioris
636 2914 787 3001 epistolae
826 2916 865 2980 ad
900 2917 1033 2981 eundem
1069 2915 1170 2995 datae,
1209 2913 1325 2994 nuliam
1360 2925 1431 2978 esse

262 3027 409 3093 Sohulnio
426 3031 470 3112 (p.
485 3029 540 3109 34)
558 3027 705 3093 concedo.
741 3027 835 3093 Certe
859 3047 920 3094 uon
945 3027 1096 3093 debemus
1119 3027 1158 3092 ad
1183 3045 1250 3091 eam
1274 3027 1429 3108 refugere,

264 3140 327 3206 nisi
351 3139 496 3207 omnibus
520 3138 590 3203 aliis
614 3138 790 3203 rationibus
812 3139 929 3204 frustra
952 3138 1115 3204 adhibitis.
1161 3138 1268 3203 Restat
1281 3138 1378 3218 igitur
1397 3143 1433 3201 ut

264 3251 430 3336 epistolam
463 3249 557 3332 [V‚2
593 3247 744 3334 epistolae
778 3248 842 3330 I,8
875 3257 1015 3335 tempore
1048 3249 1232 3315 antecedere
1266 3266 1430 3339 ponamus.

266 3359 365 3439 Quam
391 3362 577 3427 sententiam
601 3345 739 3446 primuin
763 3362 810 3427 eis
828 3359 1064 3427 difficultatibus
1079 3359 1294 3441 liberabimus,
1316 3357 1432 3444 quibus

265 3473 432 3538 Schulzius
467 3471 506 3536 ab
541 3490 578 3536 ea
611 3472 777 3537 deterritus
812 3479 869 3548 est,
902 3478 968 3537 tum
996 3491 1108 3558 perse
1131 3471 1324 3557 probabilem
1348 3487 1431 3551 esse,

266 3583 430 3648 ostendere
454 3581 646 3649 conabimur.
1097 3593 1109 3626 ⁴
1384 3604 1387 3610 ’

351 3693 517 3758 Sohulzius
541 3695 624 3760 enim
648 3695 692 3779 (p.
717 3693 772 3778 31)
797 3713 922 3759 carmen
953 3693 1005 3776 IV,
1019 3697 1050 3776 ⁸2,
1085 3695 1208 3760 etiamsi
1233 3694 1272 3759 ad
1296 3693 1431 3758 eundern

267 3807 320 3889 qui
344 3825 470 3869 carmen
492 3803 549 3887 I,8
573 3806 704 3891 accepit,
741 3807 871 3870 missum
896 3812 989 3888 esset,
1025 3825 1089 3871 non
1111 3806 1254 3890 potuisse
1278 3815 1349 3870 ante
1373 3805 1432 3869 boc

265 3917 425 4002 componi,
450 3935 486 3980 eo
511 3915 726 3982 demonstrare
750 3917 867 3995 studet,
902 3917 985 4001 quod
1016 3917 1142 3982 omnino
1164 3915 1283 3982 nullum
1306 3925 1432 4000 tempus

264 4028 479 4109 antecesserit,
515 4047 576 4111 quo
611 4031 717 4092 ortum
751 4029 927 4113 opinemur.
972 4027 1048 4092 Nam
1085 4047 1154 4092 cum
1186 4028 1255 4093 eius
1277 4027 1434 4092 sententia

264 4137 402 4223 epistola
423 4138 485 4218 I,8
507 4138 664 4224 pertineat
687 4138 726 4202 ad
749 4145 931 4204 autumnum
956 4139 1029 4203 anni
1053 4137 1183 4222 taraco,
1207 4156 1268 4222 quo
1291 4144 1433 4221 tempore

263 4251 400 4335 primum
425 4255 521 4334 poeta
543 4249 695 4335 epistolas
718 4251 890 4316 amicorum
924 4249 1108 4316 nominibus
1131 4255 1238 4335 aperte
1260 4247 1432 4334 inscriptas
