3184 5008
680 375 887 436 „15-

202 583 270 628 oum
295 561 348 626 illo
373 561 412 626 ad
434 561 467 626 id
486 566 611 644 tempus
635 558 767 640 delatus,
793 558 876 641 quod
898 558 1077 623 intercessit
1103 559 1185 622 inter
1212 557 1302 622 Fabii
1331 563 1365 622 et
1465 641 1467 647 Ι

203 673 337 756 Augusti
359 672 475 752 obitus,
499 691 571 736 uere
595 671 669 735 unni
694 671 772 742 'ldis
780 670 816 732 14
842 651 1004 754 epistolam
1023 670 1171 754 scriptam
1195 689 1265 734 esse
1289 689 1365 734 cou-

201 784 309 850 tendit.
348 786 390 859 At
405 783 505 848 Taciti
529 785 623 866 (nno.
642 781 663 862 l,
680 782 712 863 5)
736 782 915 846 testimonio
933 783 1082 846 certiores
1099 781 1202 862 limus,
1226 780 1358 845 Fabium

202 895 369 960 Maximum
394 915 457 958 uua
480 913 548 958 cum
573 897 716 974 Augusto
747 895 854 977 paucis
889 899 958 956 ante
987 891 1164 970 mensibus,
1194 911 1285 975 quarn
1316 891 1368 955 hic

206 997 604 1086 moreretur,'Planasiam
641 1005 679 1069 ad
710 1005 882 1088 Agrippam
918 1003 1081 1068 visendum
1117 1009 1256 1082 vectum,
1294 1002 1368 1066 inde

205 1137 373 1196 reversum,
398 1115 555 1200 patefacta
570 1137 603 1180 re
624 1119 681 1200 per
697 1113 843 1179 Marciam
861 1135 988 1178 uxorem
1007 1114 1127 1196 Liviae,
1156 1119 1221 1180 tum
1242 1115 1368 1180 demum

208 1233 334 1293 mortem
354 1229 482 1308 obiisse,
506 1229 550 1292 ita
572 1235 607 1292 ut
624 1247 693 1292 eum
717 1246 779 1290 nou
802 1226 898 1291 multo
922 1234 993 1291 ante
1017 1228 1120 1312 ipsum
1145 1227 1365 1310 imperatorem

207 1339 380 1404 decessisse
402 1346 561 1423 appareat.
602 1337 661 1415 Qui
686 1339 769 1418 igtur
791 1339 893 1422 potuit
915 1336 1053 1422 epistola
1069 1337 1119 1418 lV,
1137 1315 1156 1401 o
1173 1337 1211 1400 ad
1227 1357 1281 1400 ver
1298 1337 1365 1400 eius
1431 1409 1433 1414 ,

211 1450 284 1514 anni
307 1451 427 1531 referri,
452 1451 540 1514 cuius
564 1467 671 1514 mense
687 1450 829 1530 Augusto
838 1451 858 1531 ¹)
881 1450 1050 1534 imperator
1065 1455 1207 1512 mortuus
1223 1453 1281 1516 est.
1308 1447 1370 1510 nisi

207 1561 323 1644 duplici
348 1581 453 1625 errore
470 1560 635 1627 admisso?

294 1671 432 1755 Tempus
456 1680 557 1736 autem
582 1671 730 1734 carminis
753 1672 798 1736 ita
813 1679 931 1736 tantum
948 1671 1070 1736 deliniri
1086 1677 1200 1765 potest,
1224 1676 1258 1734 ut
1276 1689 1371 1754 quae·
1421 1743 1426 1751 ,

207 1787 325 1863 ramus,
348 1764 463 1866 quanto
487 1783 588 1867 spatio
605 1792 678 1868 post
688 1783 828 1864 Augusti
845 1789 985 1863 mortem,
1010 1803 1102 1865 quam
1120 1783 1197 1846 obiit
1212 1803 1239 1847 a.
1253 1779 1371 1846 XmX.

209 1892 273 1958 Cal.
298 1893 385 1978 Sept.
410 1912 491 1958 anno
517 1879 568 1976 ll,
593 1892 818 1978 praeterlapso,
843 1893 1002 1958 conditum
1026 1893 1178 1958 videatur.

293 2003 384 2080 Quod
413 2003 551 2069 Messeni
580 2004 632 2088 (ad
655 2025 726 2068 ann.
745 2006 795 2086 14,
819 2004 859 2084 ll)
890 1987 1096 2084 argumento,
1125 2005 1177 2088 qui
1213 2025 1229 2067 e
1267 2001 1390 2067 verbis

211 2114 269 2197 ,de
293 2114 464 2182 caelite...
488 2115 611 2182 recent
627 2115 643 2144 ”
666 2115 830 2193 conclusit,
854 2116 1029 2195 Augustum
1047 2115 1226 2198 nuperrime
1248 2115 1372 2179 demum
1465 2108 1467 2120 '

210 2225 325 2291 divinis
363 2225 535 2291 honoribus
572 2225 723 2290 celebrari
760 2229 920 2310 coeptum·
939 2246 1019 2302 esse,
1065 2247 1127 2289 non
1162 2225 1373 2308 assequimur,

210 2357 271 2420 quo
295 2336 327 2400 id
350 2343 469 2400 tanturn
493 2329 635 2417 eflicitur,
666 2357 790 2402 carmen
814 2337 902 2413 illud,
934 2338 1024 2401 cuius
1057 2338 1172 2401 mentio
1213 2337 1372 2418 inseritur,

211 2448 248 2511 de
265 2447 374 2512 caelite
392 2450 507 2512 recenti
524 2449 696 2523 conditum,
714 2449 819 2513 statim
833 2442 1022 2532 imperatore
1039 2449 1183 2512 defunctu
1197 2449 1373 2512 confectum

214 2579 292 2623 esse.
316 2595 356 2604 -
380 2559 486 2643 Neque
509 2566 611 2623 tamen
637 2560 751 2624 auxilio
781 2577 919 2640 egemus,
952 2561 978 2624 si
1010 2567 1153 2624 accurate
1177 2540 1375 2624 animadver-

214 2668 321 2746 timus,
347 2669 429 2752 quod
454 2669 605 2750 studium,
630 2691 709 2754 quae
733 2691 818 2756 spec,
843 2692 922 2754 quae
946 2671 1081 2754 denique
1104 2677 1215 2755 poetae
1231 2691 1320 2734 meus
1342 2671 1376 2734 in

214 2778 347 2864 epistola
366 2778 417 2861 lV,
442 2782 461 2844 6
484 2759 680 2860 agnoscatur.
725 2779 852 2846 Etenim
876 2803 1005 2846 exorsus
1022 2781 1165 2860 Ovidius,
1190 2788 1223 2846 ut
1246 2781 1334 2861 solet,
1359 2801 1378 2843 a

214 2891 295 2954 tristi
320 2890 506 2954 ‹sondioione
530 2911 586 2955 sua
609 2891 819 2975 depingenda,
844 2912 880 2956 eo
902 2893 1026 2972 transit,
1051 2899 1085 2956 ut
1108 2899 1267 2976 queratur,
1293 2891 1376 2974 quod

221 3008 250 3064 et
276 3002 380 3064 fautor
403 3001 658 3080 candidissimus,
684 3009 714 3066 et
736 3003 907 3086 imperator
921 3002 1069 3087 precibus
1092 3002 1176 3068 illius
1192 3004 1379 3068 mitissimus

217 3112 276 3176 sibi
301 3117 427 3196 ereptus
451 3113 500 3177 sit.
547 3112 668 3188 Quibus
702 3113 795 3178 rebus
825 3114 943 3177 recenti
971 3113 1062 3178 etiam
1094 3114 1200 3178 dolore
1231 3126 1305 3178 eum·
1325 3135 1379 3178 ex-

216 3223 346 3286 cruciari
383 3230 524 3306 apertum
554 3231 602 3288 est
631 3226 672 3306 (v.
698 3225 844 3306 11-14).
895 3225 981 3288 Nova
1017 3229 1119 3289 autem
1155 3227 1378 3290 sententiarum

216 3333 449 3418 series-incipit
471 3335 631 3398 acerbis:
656 3334 775 3416 „Quale
798 3341 903 3399 tamen
926 3336 1014 3419 potui
1039 3389 1045 3402 .
1070 3387 1077 3400 .
1102 3387 1109 3400 .
1135 3386 1141 3401 .
1167 3389 1174 3402 .
1198 3388 1205 3402 .
1229 3357 1255 3400 e.
1280 3357 1308 3422 q.
1336 3337 1380 3400 sf'

216 3442 302 3518 Quae
316 3463 386 3508 cum
402 3445 543 3528 proxime
559 3445 816 3512 antecedentibus
835 3447 891 3511 hac
904 3447 1024 3511 ratione
1036 3447 1218 3511 cohaerent:
1244 3446 1380 3530 „Quam-

216 3553 438 3636 quam'Fabio
460 3558 665 3639 Augustoque
698 3557 846 3637 mortuis,
881 3558 982 3621 omnis
1017 3559 1081 3622 lere
1115 3557 1266 3622 redeundi
1303 3577 1377 3641 spes
1421 3559 1424 3575 ¹

220 3672 327 3747 erepta
359 3664 482 3730 videtur
515 3671 631 3747 tamen,
667 3687 746 3750 quae
776 3667 843 3730 sola
867 3667 1064 3752 relinquitur,
1098 3670 1175 3744 fore,
1210 3675 1244 3732 ut
1284 3668 1382 3752 patris

216 3773 362 3839 laudibus
387 3771 598 3840 successoris
640 3777 776 3849 animum
818 3778 894 3842 mihi
933 3768 1148 3860 conciliarem,
1183 3799 1250 3844 eam
1290 3797 1382 3863 quarn

218 3886 422 3970 cupidissime
457 3888 605 3971 arr'ipui.”
633 3877 746 3952 'Porro
775 3909 791 3952 e
819 3890 1021 3972 sequentibus
1055 3891 1116 3954 duo
1151 3896 1320 3975 apparent,¹
1353 3895 1384 3954 et

219 3997 426 4081 compositum
456 3999 517 4062 iarn
547 4020 616 4062 esse
640 4019 764 4064 carmen
788 4000 880 4082 illud,
911 4021 971 4083 quo
999 4002 1175 4081 Augustum
1205 4001 1382 4078 celebravit,

219 4107 260 4190 (v,
287 4109 438 4191 17-20t,
473 4117 503 4174 et
537 4129 623 4194 spem
659 4111 768 4176 veniae
803 4111 860 4176 hac
892 4113 944 4175 via
966 4133 984 4198 a
1007 4111 1135 4177 Tiberio
1168 4112 1384 4196 impetrandae

219 4263 421 4275 *-

322 4348 342 4414 ¹)
362 4349 396 4404 cf.
416 4349 490 4404 Suel.
509 4350 578 4416 Oet,
597 4365 618 4404 u.
641 4351 696 4405 100.
