3178 5018
641 347 849 427 {bb-—

170 555 322 630 suaserat,
348 535 461 633 ouibus
482 549 525 634 de
548 551 652 616 causis
683 557 714 617 et
736 551 854 616 rariora
879 558 910 616 ct
932 551 1089 622 deteriora
1111 553 1172 619 iam
1198 554 1337 618 carmina

167 670 344 745 componat.
389 661 568 728 Invenimus
590 669 703 740 autern,
724 681 792 725 cnm
811 661 906 726 Bruto
923 663 1057 728 maxime
1073 684 1145 728 eum
1161 657 1335 730 calecatum

169 790 239 862 esse
263 771 301 834 de
325 773 497 836 carminum
522 773 779 838 sucrum-indole
802 781 833 838 et
856 773 951 839 vitiis.
997 773 1060 840 Sed
1083 795 1154 842 cum
1179 776 1260 840 desit
1284 777 1327 840 in·

167 883 261 946 timae
297 883 453 947 amicitiae
486 883 650 965 indicium,
690 885 772 968 quod
806 886 838 948 in
876 885 969 971 Bruto
997 886 1150 952 omissum
1174 906 1330 952 essenon

172 993 267 1058 nimis
292 993 442 1060 credibile
465 1002 522 1074 est,
548 1001 664 1064 certum
689 996 839 1060 iudicium
865 996 967 1092 facere
992 995 1132 1079 nolim1).

252 1103 462 1190 Quaecunque
486 1114 588 1172 autem
614 1128 651 1172 es
675 1107 722 1172 bis
746 1107 888 1191 epistolis
913 1107 1035 1172 addisci
1058 1113 1202 1191 possunt,
1226 1128 1262 1172 ec
1286 1115 1335 1172 tu·

167 1215 231 1282 tius
255 1216 293 1279 ad
316 1215 445 1281 Brutum
470 1219 657 1299 referuntur,
682 1239 742 1302 quc
767 1221 869 1300 imago
894 1220 960 1286 cius
978 1213 1330 1302 extepistclisPonticis

167 1326 363 1406 adumbrata,
391 1330 566 1393 accuratius
582 1336 701 1394 tantu-m
719 1331 915 1414 exprimitur,
929 1330 1095 1395 nonacris
1112 1329 1205 1394 lineis
1220 1330 1333 1414 ampli·

166 1437 285 1503 ficetur.
331 1438 463 1524 Semper
491 1446 594 1506 autern
628 1461 697 1506 eum
722 1441 940 1522 agnoscimus,
971 1442 1023 1524 qni
1047 1447 1224 1525 perlatum
1249 1441 1345 1506 exilii

165 1554 289 1632 tempus
318 1567 440 1616 ornnem
471 1571 597 1635 operam
622 1573 663 1614 eo
693 1551 840 1632 contulit,
876 1559 910 1616 ut
937 1552 1037 1633 gloria
1060 1558 1187 1636 poetae,
1218 1558 1339 1635 quanta,

168 1662 328 1745 praesenti
351 1663 423 1741 luit,
447 1662 527 1727 exuli
553 1671 738 1727 servaretur.
1145 1635 1153 1653 Ι
1238 1733 1241 1740 ,

250 1771 311 1836 lam
352 1773 582 1840 revertentibus
615 1774 706 1838 nobis
741 1773 780 1838 ad
808 1772 955 1838 Ponticas
979 1756 1261 1857 epistolas,'quae
1293 1774 1333 1838 sil

164 1883 314 1948 carminis
347 1883 413 1966 1,1
458 1891 585 1963 natura,
621 1891 682 1948 non
711 1891 815 1968 potest
834 1885 971 1950 dubium
1000 1904 1079 1950 esse.
1141 1883 1270 1950 Scilicet
1301 1885 1334 1948 id

166 1995 263 2060 Brntc
288 1997 506 2076 committitur,
536 2003 571 2062 ut
598 1997 737 2060 carmina
760 1995 888 2062 Bonnam
913 1996 1010 2060 missa
1032 1994 1116 2059 velut
1145 1995 1260 2079 hospes
1283 2016 1333 2060 re-

134 2089 135 2095 *
164 2107 261 2191 cipiat
288 2113 319 2170 et
346 2106 378 2169 in
405 2127 461 2170 cra
489 2107 648 2170 hominurn
679 2106 837 2191 perducat.
877 2105 991 2190 ,Neque
1013 2107 1135 2185 minus,
1166 2107 1241 2190 quid
1265 2107 1326 2170 sibi

166 2217 241 2281 velit
276 2218 409 2302 epistola
437 2217 536 2298 lll,9
574 2226 717 2302 apertum
745 2223 802 2283 est.
854 2216 960 2297 Fingit
986 2217 1047 2282 sibi
1075 2217 1328 2302 postulatores

164 2330 257 2392 modo
281 2330 376 2418 totius
401 2330 506 2414 operis
528 2330 661 2394 lectione
684 2331 811 2396 l'ructcr.
859 2327 921 2405 our
944 2348 1014 2394 curn
1038 2348 1082 2392 ne
1100 2330 1133 2392 in
1155 2329 1241 2394 vitiis
1265 2331 1333 2412 qui-

166 2439 297 2504 busdam
317 2442 489 2504 carminum
507 2461 633 2506 suorum
659 2439 855 2520 offenderint,
880 2447 1009 2519 metuat,
1033 2439 1114 2504 banc
1129 2442 1331 2504 occasionem

164 2552 293 2635 arripit,
330 2561 363 2614 nt
392 2553 522 2632 gratiam
553 2571 659 2618 eorum
693 2573 754 2632 non
790 2551 967 2616 excusando
997 2549 1249 2633 defendendcve,
1279 2551 1344 2628 scd·

162 2663 280 2742 ingenii
306 2665 353 2727 sni
378 2663 622 2728 imbecillitatem
647 2664 782 2743 ingenue
805 2662 931 2727 fatendo
956 2662 1017 2727 sibi
1042 2661 1231 2728 reconciliet.
1271 2662 1335 2728 Cur

162 2782 265 2838 autern
283 2773 413 2838 Brutum
431 2774 535 2854 elegit,
560 2793 691 2857 quocum
718 2795 755 2838 ea
777 2774 1035 2853 (communicaret,
1060 2793 1139 2856 quae
1162 2774 1201 2838 ad
1226 2794 1334 2840 omnes

161 2883 296 2950 lectores
324 2885 502 2970 pertinent?
540 2883 630 2961 Quod
660 2885 709 2948 bic
737 2886 823 2970 ipse,
853 2887 972 2968 qnippe
1000 2883 1051 2948 cui
1080 2884 1215 2949 traditur
1238 2905 1329 2968 opus,

162 2997 284 3082 primus
299 2997 436 3061 lecturus
453 3003 537 3076 erat,
553 2996 748 3082 primusque,
773 3016 851 3079 quae
876 2996 980 3060 minus
1003 2996 1164 3080 placerent
1186 2996 1330 3060 animad-

164 3129 322 3174 versurus.
368 3107 609 3174 Bxcusationem
634 3114 738 3173 autem
763 3107 847 3172 illam
869 3127 939 3174 cum
955 3114 1050 3192 poeta
1065 3127 1168 3192 neque
1182 3107 1218 3174 in
1232 3109 1327 3193 primi

162 3239 264 3302 neque
288 3221 318 3284 in
345 3219 474 3284 secundi
507 3219 578 3284 libri
612 3217 674 3282 fine
698 3217 885 3303 susceperit,
920 3218 1021 3285 semel
1040 3223 1144 3284 autern
1170 3225 1327 3302 suscepta,

162 3327 294 3396 Brutum
319 3338 425 3415 aptum
450 3331 651 3410 iudicaverit,
674 3330 724 3393 cui
748 3329 833 3395 velut
854 3349 927 3394 reus
950 3337 1082 3415 patrono
1099 3348 1331 3397 causamsuam

163 3443 384 3524 committeret,
418 3449 483 3506 tum
518 3441 644 3506 demum
669 3439 831 3524 „libellos”
853 3441 925 3507 illos
960 3439 1121 3518 absolutos
1152 3461 1221 3506 esse
1245 3442 1332 3506 coni·

112 3638 118 3646 ,
162 3553 274 3635 cimus,
299 3553 413 3636 quibus
436 3553 573 3638 epistola
596 3551 654 3634 l,1
681 3553 783 3618 eidem
807 3551 903 3618 Bruto
935 3553 1033 3616 missa
1055 3552 1141 3617 velut
1163 3559 1258 3637 caput
1280 3573 1331 3616 ex-

162 3664 349 3748 ordiumque
374 3665 595 3748 praemittitur,

248 3773 338 3852 Quae
371 3780 476 3841 tamen
514 3777 672 3841 sententia
705 3776 800 3842 ctiam
838 3795 855 3840 e
890 3772 1073 3840 difficultate
1107 3775 1240 3858 quadam
1278 3796 1331 3840 ex·

161 3886 323 3972 pedienda
355 3891 414 3968 est,
448 3887 632 3973 priusquam
668 3886 745 3952 satis
775 3885 914 3952 stabilita
941 3885 1093 3952 videatur.
1140 3885 1223 3964 Quid
1247 3887 1331 3950 enim

158 4061 363 4072 ..ψ-*σωκ

230 4161 253 4228 ¹)
270 4159 366 4232 Neque
394 4163 485 4231 inepte
504 4159 623 4214 Kochins
651 4161 750 4230 (plo)
779 4160 885 4214 ridetur
910 4159 976 4213 mihi
996 4160 1133 4228 cogitasse
1161 4159 1193 4213 de
1220 4159 1326 4227 Rufino,

160 4256 237 4310 cuius
256 4255 385 4310 iudicium
405 4255 518 4310 Ovidius
545 4255 654 4324 plurimi
673 4255 828 4308 aestimarit
846 4254 891 4323 (cl.
911 4270 942 4307 ex
958 4255 990 4310 P.
1008 4255 1062 4321 ΙΙΙ,
1079 4257 1118 4336 4),
1137 4271 1255 4308 amorem
1273 4271 1329 4308 non

162 4365 247 4420 aeque
266 4365 298 4403 ac
316 4350 394 4404 Bruti
413 4349 521 4403 videtur
538 4349 665 4403 habuisse
683 4353 876 4418 comparatum.

1128 4454 1144 4507 5
