3178 5018
741 370 1045 454 --er-¹

346 557 492 642 Denique
528 556 662 642 epistola
698 555 820 622 decima
852 558 962 642 quinta
996 555 1028 622 S.
1052 555 1202 642 Pompeio
1237 576 1275 621 aa
1305 575 1428 639 quoque

238 745 240 754 X
266 657 368 734 missa
387 668 421 732 in
445 668 661 751 quaestionem
684 669 780 734 venit.
815 667 915 746 Quam
937 667 1054 753 epilogi
1068 685 1210 747 munere,
1233 672 1269 732 ut
1283 663 1427 732 Woeliie·

262 778 324 844 lius
348 778 460 859 voluit,
489 778 679 860 coniungi,
706 778 798 844 facile
826 778 1016 860 intellegitur
1039 779 1106 862 (cfr.
1124 776 1238 844 Schulz
1260 797 1292 862 p.
1309 777 1350 842 28
1365 776 1426 860 sq.)

258 889 339 956 ‘Cum
374 901 478 955 autem
510 889 691 956 consulatus
725 891 818 955 amici
851 910 915 956 non
936 896 1217 969 commemoretur,
1254 888 1425 972 quaeritur,

260 1020 302 1066 an
320 1006 392 1065 ante
416 1020 531 1066 annum
557 1001 672 1076 767s14
694 1002 869 1086 composita
889 1001 1042 1068 videatur.
1080 998 1143 1066 Sed
1160 1005 1243 1066 recta
1259 997 1426 1064 Schulzius

257 1113 306 1197 (p.
324 1113 363 1176 38
387 1113 447 1195 sq.)
471 1114 627 1197 exposuit,
650 1112 820 1196 primulae
843 1113 986 1176 versibus
1010 1114 1050 1178 29
1067 1133 1112 1195 sq.
1512 1097 1517 1104 ’

413 1223 452 1287 Et
475 1225 573 1305 pudet
595 1229 626 1288 ct
648 1228 755 1286 metuo
780 1243 966 1304 semperque
988 1226 1161 1303 eademque
1183 1223 1317 1304 precari,

463 1334 511 1398 Ne
529 1337 665 1398 subeant
687 1336 793 1398 animo
815 1337 921 1398 taedio
944 1336 1030 1398 iusta
1054 1339 1121 1398 tuo.

258 1463 425 1530 apparere,
447 1445 510 1510 iam
533 1438 659 1530 saepius
675 1451 801 1531 poetam
822 1465 888 1511 ram
905 1465 994 1512 anam
1010 1449 1094 1532 apud
1110 1445 1294 1532 Pompeium
1311 1444 1424 1528 egisse,

258 1561 325 1621 tum
349 1575 403 1636 eo,
438 1556 521 1640 quod
545 1556 638 1639 dicit,
673 1577 707 1622 se
731 1557 958 1641 „Caesaribus”
981 1559 1076 1624 vitam
1100 1558 1215 1624 debere
1237 1561 1278 1642 (r.
1295 1559 1328 1641 3)
1351 1575 1425 1637 ecg-

132 1691 134 1700 ’
258 1668 365 1748 nosci,
390 1687 461 1732 eum
484 1668 548 1732 iam
571 1674 733 1752 expertum
757 1688 843 1742 osse,
867 1688 969 1752 neque
991 1669 1180 1751 Augustum,
1204 1688 1307 1753 neque
1331 1666 1424 1732 Tibe·
1524 1746 1527 1752 Ι

257 1777 339 1842 rium
369 1779 463 1844 vitam
492 1777 553 1844 sibi
576 1779 697 1864 eripere
712 1777 799 1846 velle.
823 1779 1032 1857 Quoliberio
1054 1781 1116 1846 iam
1139 1779 1284 1866 principe
1305 1779 1424 1864 episto·

195 1950 202 1960 ,r
258 1889 319 1954 lam
344 1897 444 1954 ortam
466 1908 536 1955 esse
558 1889 701 1956 eflicitur.

344 1999 503 2066 Hactenus
525 2007 611 2066 recta
632 2002 683 2068 via
704 2002 875 2087 procedere
897 2001 995 2068 licuit
1039 2003 1169 2084 Cetera,
1192 2003 1317 2086 quantis
1339 2001 1422 2068 diiii·

258 2111 428 2177 cultatibus
454 2113 607 2198 impedita
628 2113 704 2196 siut
728 2115 835 2179 statim
860 2113 1003 2181 elucebit.
1029 2151 1067 2162 -·

345 2334 457 2401 Omnis
490 2343 610 2417 autem
646 2356 725 2419 quae
748 2343 846 2402 restat
868 2337 1061 2420 quaestionis
1083 2357 1169 2423 pars,
1194 2357 1263 2403 cum
1287 2337 1424 2423 pendeat

257 2444 297 2536 ab
329 2465 366 2510 ea
389 2448 559 2527 sententia,
590 2467 670 2532 qnae
693 2447 732 2513 de
754 2447 889 2532 epistola
910 2447 1053 2514 secunda.
1070 2447 1234 2533 probanda
1254 2448 1422 2529 videbitur,

256 2555 297 2622 de
321 2555 379 2620 boc
401 2558 539 2623 carmine
569 2557 630 2622 iam
654 2560 831 2624 accuratius
854 2578 995 2640 ιιιιιιιιι.
1042 2557 1167 2626 Etenim
1192 2579 1316 2626 summa
1338 2559 1422 2625 dilli-

256 2666 356 2736 cultcs
391 2668 422 2731 iu
459 2669 706 2753 obpositam,
734 2669 818 2753 qnod
841 2670 949 2736 Severi
971 2671 1100 2739 nomina
1123 2671 1314 2737 inscribitur.
1360 2670 1432 2744 Cui

213 2763 214 2766 ¹
256 2797 326 2844 cum
361 2787 453 2844 autea
485 2799 505 2843 a
537 2798 571 2845 se
604 2799 765 2864 nunquam
798 2801 907 2846 versus
936 2783 1160 2864 alsecense,
1195 2787 1290 2868 poeta
1311 2788 1420 2867 aperto

255 2889 375 2955 indicet
396 2911 424 2956 v.
442 2892 462 2954 3
485 2911 552 2974 sqq.

408 3003 632 3092 (iuiusadlruc
655 3023 769 3068 nomen
793 3011 917 3068 nostros
940 3007 1079 3068 tacuisse
1100 3006 1237 3084 libellum

459 3116 494 3176 si
518 3117 610 3178 morlo
634 3116 792 3195 permittis
816 3117 918 3180 (licere
941 3135 1024 3188 uera,
1046 3117 1153 3196 pudet.

411 3225 495 3288 Orba
516 3230 622 3290 tanton
645 3228 786 3290 numeris
810 3229 944 3290 cessavit
968 3228 1104 3307 epistola
1125 3246 1289 3309 nunquam

460 3336 509 3400 lre
531 3355 588 3417 per
610 3338 748 3401 alternas
776 3339 919 3402 officiosa
939 3338 1045 3402 uicies.

254 3465 330 3511 num
355 3446 394 3512 ad
418 3446 550 3513 eundem
575 3447 707 3532 epistola
722 3447 825 3530 l‚81)‚
851 3467 931 3531 quae
953 3446 1036 3513 idem
1059 3468 1172 3514 nomen
1195 3452 1420 3534 praesefert,

252 3557 355 3622 missa
378 3557 431 3634 sit,
456 3577 548 3641 quam
573 3558 707 3623 maxime
730 3557 859 3623 dubium
883 3557 1036 3624 redditur.
1075 3558 1174 3636 Quam
1191 3558 1418 3626 dubitationem

256 3665 453 3734 Woelffelius
475 3671 521 3754 (p.
539 3669 637 3752 2196)
664 3670 782 3734 frustra
803 3689 841 3734 ea
863 3669 992 3736 ratione·
1007 3669 1269 3736 tollere-conatus
1292 3677 1352 3753 est,
1387 3676 1421 3736 ut

253 3779 294 3844 de
317 3779 419 3862 gloria
440 3779 549 3845 Severi
571 3779 710 3845 nondum
735 3779 927 3846 carminibus
950 3779 1116 3864 celebrato,
1143 3802 1206 3848 non
1230 3783 1357 3848 omuino
1380 3783 1419 3848 de

255 3891 380 3975 poetica
404 3889 538 3976 epistola
555 3890 694 3956 nondum
717 3892 759 3956 ad
780 3911 850 3957 enm
867 3891 941 3957 data
955 3891 1168 3975 intellegenda
1180 3913 1250 3959 esse
1265 3891 1422 3980 proponat

255 4001 352 4069 verba
381 4021 516 4085 „nomen
544 4003 712 4069 tacuisse.’'
756 4002 814 4068 Sin
842 4003 975 4070 eundem
1004 4010 1136 4088 utroque
1158 4005 1295 4071 carmine
1318 4005 1420 4071 virum

252 4112 409 4212 appellari
433 4114 612 4198 statuimus,
637 4119 691 4180 aut
712 4120 806 4199 poeta
827 4121 900 4206 post
915 4113 1034 4199 aliquot
1049 4135 1147 4184 annos
1164 4117 1312 4183 carminis
1329 4125 1421 4183 antea

255 4259 458 4282 -..---......;

327 4353 349 4420 ¹)
368 4355 523 4425 Quaeque
543 4358 663 4424 tempore
681 4355 833 4424 composita
850 4354 894 4421 sit,
915 4370 997 4425 supra
1016 4355 1166 4425 expositum
1185 4360 1233 4412 est.
