3184 5008
751 355 961 420 ..3ss-

352 541 487 608 Omissis
515 541 611 623 igitur
638 542 710 625 eis,
740 562 821 626 quae
849 547 902 607 aut
926 541 1006 608 nibil
1027 539 1149 624 valent,
1179 549 1232 608 aut
1254 563 1272 608 a
1294 544 1437 629 disputa·

265 651 362 717 tionis
390 659 517 718 nostrae
544 651 606 718 fine
635 653 737 718 aliena
760 660 848 734 sunt,
879 654 925 719 eis
948 672 1006 718 nos
1030 655 1264 736 contineamus,
1293 674 1372 738 qnae
1400 675 1439 725 ex

265 763 500 828 universalibri
515 763 701 830 condicione
724 771 886 850 apparent.
923 763 1028 830 Unum
1055 770 1157 830 autem
1181 767 1355 832 cavendum
1378 761 1437 847 est,

265 893 304 938 ne
320 874 353 938 in
373 875 576 958 sequentibus
600 874 818 940 difficultatem
842 875 934 940 nobis
959 895 1189 959 compare-mus.
1227 875 1304 941 Nam
1330 878 1356 942 si
1380 897 1437 962 per

266 983 391 1064 longius
427 991 553 1074 tempus
590 993 714 1071 poetam
753 987 785 1050 in
819 985 899 1051 libro
938 986 1077 1052 secundo
1116 992 1302 1072 occupatum
1337 989 1436 1055 inisse

259 1097 433 1181 ponimus,
460 1097 594 1162 fortasse
623 1097 737 1180 aliquis
765 1098 928 1182 opinetur,
956 1097 1060 1181 prima
1087 1097 1176 1163 tertii
1203 1096 1274 1162 libri
1299 1099 1439 1164 earmina

161 1220 164 1228 f
266 1206 304 1270 ab
329 1205 532 1272 habitationis
549 1208 733 1273 Tomitanae
756 1209 858 1273 initiis
881 1207 973 1273 nobis
997 1208 1187 1273 removenda
1210 1229 1289 1274 esse.
1328 1209 1435 1294 Neque

265 1324 370 1382 tamen
388 1316 468 1382 ulios
485 1319 516 1382 in
534 1317 593 1382 hoc
608 1326 695 1403 parte
712 1317 814 1383 adhuc
828 1319 907 1384 fines
926 1319 1133 1403 disputationi
1150 1326 1276 1384 nostrae
1300 1321 1435 1384 circum-

268 1428 463 1512 scripsimus.
501 1427 579 1493 Nam
597 1449 659 1512 qna
676 1429 801 1494 tandem
826 1429 947 1494 ratione
970 1429 1122 1510 cogimur,
1147 1435 1183 1494 ut
1208 1429 1288 1494 libro
1312 1432 1437 1496 demum

177 1585 179 1594 ,
268 1539 405 1603 secundo
418 1541 554 1622 perfecto
566 1545 690 1623 poetam
705 1539 744 1604 ad
756 1540 839 1604 tertii
852 1539 924 1604 iibri
937 1541 1077 1604 carmina
1089 1540 1255 1606 scribenda
1267 1543 1438 1608 accessisse

268 1650 360 1714 nobis
378 1649 643 1732 persuadeamus?
668 1650 758 1727 Quod
774 1650 941 1716 Massones
965 1651 1019 1734 (ad
1036 1671 1106 1717 ann.
1122 1650 1162 1731 X,
1178 1653 1212 1734 4)
1229 1652 1353 1716 videtur
1375 1653 1435 1718 sibi

90 1761 92 1770 '
176 1831 195 1857 ΙΙ
269 1761 476 1846 persuasisse,
501 1780 571 1825 oum
589 1761 664 1826 haec
680 1763 812 1846 profert:
842 1761 905 1846 ,nt
926 1763 958 1826 in
977 1760 1111 1826 Pontum
1128 1763 1178 1826 vix
1202 1768 1341 1840 venerat,
1366 1784 1434 1828 cum

266 1869 378 1935 librum
405 1871 576 1936 secundum
594 1874 736 1954 Augusto
760 1873 910 1959 scripsit.
936 1922 943 1936 .
968 1925 974 1938 .
999 1924 1007 1940 .
1043 1872 1126 1949 Quin
1144 1875 1237 1938 etiarn
1254 1875 1347 1958 paulo
1365 1882 1439 1960 post

268 1983 434 2048 adventum
449 1982 565 2063 elegias
577 1983 649 2048 libri
662 1983 747 2048 tertii
763 1983 984 2066 conscripsit“.
1014 1983 1122 2067 Neque
1139 1985 1241 2049 minus
1255 1983 1431 2055 Graeberus

268 2099 313 2176 (p.
328 2092 413 2174 Vll),
444 2092 633 2158 Woelffeiius
657 2096 700 2178 (p.
720 2094 833 2174 rasit,
863 2093 1006 2179 Meyerus
1031 2098 1075 2180 (p.
1092 2096 1215 2179 dbl)¹),
1244 2095 1433 2162 Leutsohins

226 2187 227 2190 ¹
266 2206 310 2288 (p.
324 2207 378 2285 bi)
394 2210 493 2268 totum
509 2203 622 2270 librum
640 2204 811 2268 secundum
827 2225 888 2268 uno
900 2209 1009 2270 tenore
1021 2207 1193 2289 perfectum
1209 2227 1278 2272 esse
1291 2214 1428 2274 censent.

265 2314 476 2392 Quamobrem
505 2336 567 2380 non
596 2317 709 2380 mirum
739 2322 800 2398 est,
829 2316 911 2399 quod
940 2335 1014 2401 pars
1042 2337 1149 2382 eorum
1178 2337 1270 2400 quarn
1300 2319 1434 2382 unanime

265 2428 435 2492 extendere
458 2434 587 2492 conatus
613 2434 660 2491 est
681 2433 822 2512 tempus,
857 2427 941 2509 quod
964 2427 1178 2492 intercesserit
1204 2429 1286 2492 inter
1314 2428 1430 2493 italiam

264 2537 405 2601 relictam
420 2539 549 2621 eiusque
567 2537 678 2602 hiemis
691 2536 851 2602 molestias
867 2537 1025 2618 toleratas,
1043 2558 1122 2621 quae
1139 2539 1327 2604 describitur
1341 2540 1425 2604 tertii

264 2646 336 2732 iibri
353 2647 491 2712 carmine
508 2648 640 2712 decimo.
659 2646 740 2712 -Sed
757 2667 796 2712 ne
812 2648 941 2713 nimiam
957 2649 1056 2728 fuisse
1071 2648 1246 2714 iudicemus
1262 2649 1295 2713 in
1313 2649 1429 2714 afflicto

263 2763 358 2843 poeta
386 2757 559 2822 carminum
589 2759 878 2843 componendorum
912 2758 1119 2839 celeritatem,
1154 2779 1216 2830 non
1245 2780 1282 2824 ea
1309 2762 1429 2827 ratione

265 2869 436 2934 cavendum
465 2889 550 2950 esse,
585 2875 619 2933 ut
646 2889 716 2934 eum
744 2870 805 2934 iam
835 2889 916 2934 anno
942 2871 1044 2943 totta
1073 2890 1110 2934 en
1141 2868 1229 2934 italia
1255 2869 1429 2936 decessisse

265 2986 456 3059 statuamus,
491 2987 601 3065 postea
634 2980 807 3065 apparebit.
857 2980 931 3045 item
967 2979 1117 3044 nonnulla
1145 2983 1316 3066 primorum
1344 2983 1430 3047 tertii
1536 2965 1538 2972 ¹

262 3089 335 3154 libri
352 3091 537 3171 carminum,
562 3111 642 3174 quae
658 3099 720 3155 tam
738 3083 845 3155 brevia
860 3095 943 3173 sunt,
967 3097 1002 3154 ut
1018 3091 1111 3156 borae
1133 3096 1276 3176 tempore
1299 3086 1431 3176 possent

263 3201 384 3286 pertici,
408 3201 447 3266 ab
464 3221 503 3265 eo
517 3202 691 3285 composita
707 3221 787 3281 esse,
812 3219 883 3266 cum
899 3201 978 3266 iiber
993 3202 1150 3266 secundus
1166 3203 1303 3268 nondum
1320 3210 1430 3287 posset

265 3333 335 3376 esse
359 3313 530 3392 contectus,
554 3313 586 3376 in
611 3311 744 3394 singulis
767 3312 960 3379 ostendetur.
985 3317 1132 3378 Attamen
1155 3333 1225 3378 eum
1249 3315 1427 3380 absolutum

267 3443 354 3501 esse,
382 3423 565 3508 priusquam
595 3424 701 3487 omnia
726 3423 811 3488 tertii
840 3421 913 3489 libri
936 3424 1076 3511 earmina
1096 3423 1321 3509 perficerentur
1344 3431 1375 3490 et
1396 3427 1430 3490 in

265 3554 361 3598 unum
392 3553 506 3619 corpus
529 3534 809 3616 coniungerentur,
833 3533 865 3598 id
888 3533 959 3618 ipso
981 3531 1061 3616 loeo,
1086 3553 1146 3618 quo
1169 3535 1249 3600 liber
1271 3535 1430 3601 secundus

260 3645 384 3730 positus
408 3652 466 3724 est,
490 3619 632 3710 efficitur.
1346 3667 1347 3670 ’

329 3865 401 3958 ,Eis
432 3872 551 3948 autem,
581 3885 661 3950 quae
685 3867 723 3932 de
746 3865 825 3932 libro
849 3865 987 3932 secundo
1011 3868 1230 3952 exposuimus,
1258 3868 1320 3932 iarn
1351 3887 1428 3954 pro-

259 3979 361 4060 gressi
386 3997 495 4044 sumus
518 3977 601 4043 ultra
623 3977 826 4044 habitationis
847 3977 1031 4044 Tomitanae
1052 3978 1188 4046 initium.
1226 3977 1330 4044 Ceteri
1353 3975 1426 4044 libri

299 4312 312 4324 ..
327 4244 349 4311 ¹)
370 4243 445 4312 ,Von
468 4243 580 4300 'l'heilon
604 4242 650 4298 des
674 4244 782 4298 aweiten
800 4242 906 4298 Buches
929 4242 1002 4298 kann
1023 4242 1101 4297 keine
1122 4241 1197 4297 Reda
1215 4241 1285 4311 scin,
1309 4241 1426 4298 dodiau

257 4353 310 4393 nur
330 4354 378 4392 ans
397 4339 472 4391 einer
489 4338 540 4393 578
553 4337 636 4392 Vama
654 4337 751 4407 langen
769 4337 873 4408 Epistei
892 4353 926 4391 an
938 4337 1076 4405 Augustus
1094 4335 1226 4392 besteht.'‘
1239 4365 1272 4376 -
1285 4365 1318 4376 -
1330 4365 1363 4374 -
