3178 5018
646 358 858 448 -rr-w

165 541 312 608 mittitur.
357 540 403 606 Ex
427 541 473 608 eis
501 543 600 622 enim,
629 543 885 627 quaaldlerus1)
909 546 1070 631 exposuit,
1099 546 1332 628 cognoscimus,

71 714 75 718 ,
167 657 305 737 apobta
333 673 370 718 cx
396 651 430 718 P.
460 653 488 734 l,
512 655 547 735 8,
577 657 617 720 28
652 653 821 734 significari
857 675 926 720 eum
962 656 1063 736 diem,
1097 676 1158 740 quo
1186 653 1329 722 Pleiades

166 783 298 848 vespere
323 764 477 846 oriuntur,
502 745 585 848 quod
609 764 643 829 lit
665 764 765 832 ldlero
789 771 869 830 teste
893 787 919 831 a.
937 766 966 832 d.
984 765 1037 830 Vll
1061 765 1125 833 Cal.
1151 765 1218 832 Oct.
1263 766 1331 843 Quo

167 875 240 942 enni
263 875 358 947 error
385 879 528 960 tompore
556 881 680 958 poetam
709 875 847 940 nondum
871 865 974 962 patria
995 877 1231 962 amicorumque
1255 897 1330 942 con·

129 1000 131 1005 ’
167 986 335 1052 suetudine
362 986 500 1052 caruisse
527 987 737 1054 certissimum
768 993 824 1052 est.
875 987 1086 1065 Quamobrem
1120 994 1208 1054 recte
1231 987 1332 1053 Bran-

167 1096 274 1162 desius
309 1104 491 1162 autumnum
525 1099 599 1163 anni
635 1099 754 1172 remeo
786 1097 979 1181 intellexit.2)
1036 1098 1232 1183 Quamquam
1267 1121 1330 1166 non

167 1189 333 1290 intellego,
369 1229 429 1292 quo
464 1209 532 1273 iure
564 1210 702 1293 potuerit
734 1208 941 1274 nihilominus
972 1209 1177 1292 contendere,
1211 1209 1331 1278 nullum

167 1320 320 1404 temporis
347 1318 543 1384 intervallum
572 1320 765 1386 intercedere
790 1305 870 1386 inter
893 1319 1044 1406 Tristium
1069 1320 1332 1406 Ponticarumquc

168 1430 370 1516 epistolarum
405 1423 502 1495 libros
537 1431 680 1513 editos.³)
730 1431 807 1496 Nam
842 1452 883 1496 en
911 1432 1013 1516 ipsius
1042 1433 1168 1516 quidem
1197 1434 1329 1514 ratione,

48 1536 51 1541 ’
168 1562 229 1625 qua
252 1542 354 1610 hicme
378 1559 528 1607 annorum
555 1543 645 1616 rma
669 1543 812 1624 quintum
838 1541 989 1608 Tristium
1016 1543 1131 1608 librum
1158 1545 1358 1629 perfectum

167 1673 236 1718 esse
261 1654 380 1730 statuit,
404 1674 514 1718 novem
539 1654 704 1718 minimum
727 1673 852 1718 menses
875 1655 1082 1723 intercedunt.

253 1763 410 1830 Hactenus
433 1763 472 1828 de
496 1765 542 1830 eis
565 1765 719 1849 epistolis,
737 1766 768 1830 in
786 1765 900 1848 quibus
916 1770 1095 1851 temporum
1112 1767 1253 1842 ordinem
1272 1788 1335 1834 uon

168 1874 377 1944 disturbatum
401 1895 470 1941 esse
494 1876 617 1940 ostendi
641 1881 757 1961 potest.
813 1875 861 1942 De
884 1876 1014 1962 reliquis
1037 1877 1082 1943 nii
1104 1878 1178 1944 licet
1199 1879 1346 1943 affirmo·

95 2009 98 2014 ¹
168 2009 249 2068 rous,
273 2007 375 2072 neque
398 1987 461 2053 ullo
486 1988 577 2053 modo
594 1987 674 2059 locis
690 1995 833 2074 tempora
853 1990 919 2060 erui
936 1995 1081 2075 possunt.
1114 1989 1203 2055 Unde
1220 1998 1337 2074 quanta

169 2100 329 2164 exoriatur
352 2098 530 2174 difficultas,
565 2121 605 2164 ne
629 2099 667 2165 ab
692 2101 737 2165 eis
762 2101 889 2184 quidem
912 2101 989 2166 satis
1013 2100 1153 2182 intellegi
1176 2104 1335 2184 existimo,

171 2231 248 2293 quos
270 2211 400 2278 nimiam
425 2210 484 2276 sibi
501 2211 657 2276 licentiam
683 2232 699 2274 e
726 2213 870 2276 versibus
894 2211 944 2291 ΙΙΙ,
962 2215 993 2294 9,
1017 2213 1056 2277 51
1074 2233 1120 2296 sq.
1145 2215 1334 2298 sumpsisse,

168 2323 260 2385 modo
284 2322 498 2388 demonstrare
522 2324 627 2388 conati
649 2344 768 2389 sumus.
815 2322 947 2405 Quibus,
976 2343 1164 2408 quamquam
1192 2324 1333 2406 singulas

168 2433 319 2517 epistolas
354 2455 401 2513 ea,
440 2455 501 2517 qua
534 2434 573 2498 ad
607 2434 756 2499 librorum
782 2454 915 2519 corpora
937 2435 1018 2500 serie
1041 2437 1226 2500 coniunctae
1250 2443 1335 2517 suut,

167 2553 251 2610 ortes
276 2567 345 2610 esse
368 2554 494 2628 negant,
529 2551 644 2627 tamem
681 2547 754 2630 quin
792 2568 901 2612 omnes
936 2547 1018 2612 intra
1040 2548 1136 2612 unius
1158 2549 1231 2613 anni
1255 2554 1336 2612 tem·
1373 2583 1374 2586 π

166 2658 255 2742 poris
279 2658 416 2741 spatium
442 2657 635 2741 compositae
659 2659 733 2736 sint,
758 2656 895 2723 dubitari
913 2679 975 2722 uon
991 2678 1097 2742 porse,
1121 2647 1245 2724 videtur
1261 2679 1336 2724 con·
1375 2663 1377 2671 '

168 2775 261 2834 stare,
307 2767 371 2832 Sed
405 2768 592 2851 quibusnam
627 2769 731 2834 causis
759 2769 977 2853 prohibemur,
998 2771 1166 2854 quominus
1190 2791 1207 2834 e
1230 2771 1335 2836 diver-

166 2881 304 2944 sissimis
342 2880 537 2964 temporibus
576 2881 632 2944 bas
669 2880 820 2965 epistolas
858 2887 1036 2965 ,utcunque
1070 2881 1235 2946 collectas'’
1265 2904 1334 2948 esse

169 2992 388 3075 suspicemur?
435 2990 524 3056 Obici
548 3011 624 3056 sene
646 2998 762 3076 potest,
787 2993 891 3076 priore
916 2992 1001 3058 exiiii
1016 2998 1159 3079 tempore
1175 3013 1238 3058 non
1254 2992 1333 3058 licu-

165 3103 231 3166 isse
255 3107 367 3186 pobtae
388 3104 505 3168 amieos
531 3108 637 3187 aperte
654 3103 833 3168 nominibus
850 3103 1018 3189 appellare.
1064 3104 1155 3169 Certe
1171 3105 1338 3172 noluerunt

169 3216 262 3278 amici
298 3214 454 3279 inlibris
488 3216 520 3279 in
555 3214 714 3300 publicum
745 3215 837 3280 editis
861 3216 990 3280 nomina
1012 3237 1070 3281 sua
1091 3217 1180 3302 poni,
1205 3218 1274 3303 (cfr.
1300 3238 1338 3284 ex

167 3323 202 3388 P.
226 3324 322 3402 ΙΙΙ,6
387 3329 414 3406 );
451 3325 517 3406 sed,
553 3334 587 3391 ut
620 3326 681 3411 ipsi
706 3347 767 3390 non
793 3327 1025 3398 dubitaverunt.
1049 3334 1163 3414 pobtae
1187 3327 1337 3413 epistolas

167 3419 284 3500 Tomos
307 3439 430 3502 mittere
459 3439 510 3518 (cl.
536 3437 631 3502 Trist.
658 3437 706 3516 lV,
732 3441 776 3520 Ι),
818 3439 953 3504 iturine
976 3439 1072 3506 dubio
1095 3440 1170 3504 inde
1193 3461 1211 3504 a
1233 3442 1335 3525 primo

170 3547 255 3611 exilii
280 3554 422 3633 tempore
447 3549 560 3613 multas
583 3549 622 3614 ab
646 3569 683 3614 eo
706 3549 855 3634 epistolas
884 3550 1065 3616 nominibus
1089 3551 1258 3636 inscriptas
1282 3571 1333 3616 ao-

168 3665 330 3742 eeperunt.
377 3658 468 3736 Quod
492 3661 529 3722 de
553 3661 674 3752 Severo¹
690 3667 821 3726 testatur
844 3661 975 3727 Ovidius
999 3683 1037 3726 ex
1062 3661 1093 3728 P.
1112 3662 1163 3742 lV,
1188 3666 1218 3744 Ι,
1241 3663 1336 3746 bsq.:

320 3773 404 3835 Orba
426 3777 531 3834 tamen
556 3777 698 3838 numeris
721 3777 857 3838 r-essavit
879 3777 1015 3854 epistola
1037 3793 1202 3855 nunquam

370 3883 418 3946 lre
442 3903 497 3963 per
519 3885 658 3948 alternas
682 3887 824 3948 officiosa
843 3888 937 3950 vices.
962 3923 1002 3930 ω-
1026 3923 1066 3930 --

166 4057 368 4066 ——ffl-m-

237 4156 255 4222 ¹)
274 4155 370 4210 Idicra
396 4156 464 4210 Abh.
485 4155 509 4211 d.
529 4155 602 4210 Berl.
619 4157 668 4210 Al.
688 4157 757 4212 Hist.
778 4157 847 4213 Phil.
865 4157 909 4214 Kl.
932 4159 1004 4228 1822,
1022 4175 1047 4228 p.
1066 4157 1122 4216 153.

238 4247 260 4314 ²)
281 4250 321 4303 De
342 4249 447 4316 Severo,
466 4251 509 4303 uui
526 4249 593 4304 haee
612 4250 728 4320 epistola
746 4250 810 4304 duta
828 4253 877 4316 est,
894 4251 966 4306 infru
983 4255 1092 4320 agetur.

237 4341 260 4410 ³)
281 4343 450 4408 ,Schliessen
470 4345 527 4398 sich
545 4345 722 4399 unmittclber
739 4362 773 4398 an
792 4348 840 4383 -“
860 4362 886 4415 p.
905 4345 963 4416 350,
981 4347 1075 4401 Hiems
1093 4347 1147 4402 111.
1225 4418 1229 4426 1
