3184 5008
638 372 846 442 ...41¹-

243 558 275 624 ln
299 557 358 625 hoo
381 565 483 623 autem
509 578 633 642 quoque
656 558 805 639 carmine,
840 565 874 624 ut
896 558 928 623 in
950 553 1030 625 libro
1054 559 1205 640 seeundo,
1230 559 1326 624 nimie

156 671 307 735 momenti
331 669 485 736 tribuisse
508 668 656 734 videntur
678 669 736 733 viri
762 668 845 734 doeti
870 671 915 734 eis
933 689 1011 753 quae
1028 670 1065 734 de
1081 669 1175 736 rebus
1191 669 1328 754 publicis

157 781 304 863 leguntur
325 801 354 846 v.
371 781 413 846 45
430 802 498 865 sqq.
522 780 624 846 Nauta
647 780 742 860 enim,
766 781 868 865 inquit
882 787 989 866 poeta,
1016 782 1195 865 quicunque
1212 781 1327 846 Tomos

158 893 348 978 pervenerit,
1038 891 1041 908 '

309 1005 353 1080 Ιι,Δ
373 991 492 1086 prodor,
516 1005 653 1083 auditos,
677 1005 780 1084 possit
798 1023 927 1068 narrare
949 1007 1130 1086 triumphos

362 1116 506 1180 Caesaris
529 1120 561 1178 et
583 1116 674 1179 Latio
698 1117 821 1180 reddita
843 1120 918 1180 vota
939 1117 1027 1180 lovi:

244 1295 246 1302 ¹
310 1227 426 1306 Teque,
449 1227 634 1292 rebellatrix
656 1228 796 1305 taudem⁷
820 1226 997 1302 Germania,
1021 1228 1137 1306 rnegni.

360 1337 464 1404 Triste
487 1342 583 1417 caput
605 1338 740 1417 pedibus
764 1339 972 1417 supposuisse
996 1340 1095 1402 ouois.

242 1452 346 1532 Atque
358 1448 390 1511 id
404 1448 530 1531 quidem
543 1467 606 1512 non
619 1447 750 1512 dubium
767 1456 825 1526 est,
849 1450 924 1530 quin
938 1432 1012 1534 post
1026 1449 1145 1514 cladem
1160 1449 1325 1512 Varianam

157 1561 233 1624 baeu
268 1559 386 1643 scripta
419 1558 492 1622 aiut.
537 1557 600 1623 Sed
636 1557 719 1642 quod
744 1557 935 1624 Brandesins
960 1561 1004 1644 (p.
1028 1561 1105 1640 357)
1130 1567 1160 1624 et
1182 1559 1326 1644 Meyerus

125 1685 128 1690 ·
158 1676 201 1758 (ρ
227 1671 323 1751 450),
341 1669 583 1749 oontenderunt,
608 1669 667 1734 boo
690 1669 815 1735 demum
840 1669 907 1733 loeo
932 1671 1071 1756 primam
1095 1690 1219 1754 pugnae
1243 1670 1326 1735 illius

157 1777 350 1847 mentionem
385 1780 465 1860 lieri,
502 1780 709 1846 demonstrari
743 1800 805 1846 noo
837 1789 935 1864 'posse
971 1801 1066 1866 supra
1096 1782 1247 1856 uidimus.
1300 1780 1324 1844 E

157 1893 252 1958 verbo
277 1898 380 1960 eutem
406 1891 571 1974 „tandem”
594 1891 627 1955 id
650 1892 776 1957 videtur
798 1910 961 1976 apparere,
997 1897 1123 1976 poetam
1148 1901 1220 1976 post
1242 1913 1326 1956 nun·

156 2006 233 2070 tium
269 2002 367 2068 eladis
404 2009 565 2086 aooeptum
600 2003 661 2066 iam
697 2023 754 2086 per
777 2002 904 2085 aliquod
926 2010 1051 2087 tempus
1075 2004 1167 2068 anxia
1190 2004 1324 2087 quadam

159 2136 214 2200 spe
236 2115 407 2188 orueietum
433 2134 515 2192 esse,
539 2114 664 2178 tandem
688 2115 767 2193 fore,
791 2106 826 2178 ut
841 2113 1010 2178 Germania
1026 2114 1233 2196 subigeretur.
1262 2115 1324 2179 Sed

160 2227 198 2290 ad
221 2247 287 2290 eam
312 2225 511 2307 sententiam,
537 2245 629 2308 quam
646 2245 703 2289 nos
721 2225 759 2288 de
776 2225 924 2290 oarminis
940 2232 1083 2310 tempore
1100 2227 1323 2311 proposuimus

158 2337 203 2402 nil
225 2338 368 2414 interest,
392 2342 495 2400 utrum
513 2334 614 2400 Varus
631 2356 712 2400 anno
739 2337 819 2417 762!
826 2338 846 2402 9
869 2357 908 2402 an
932 2355 1014 2400 anno
1040 2338 1163 2424 tubiro
1185 2339 1323 2422 perierit.

159 2449 307 2514 Carmine
341 2446 476 2530 denique
510 2445 706 2531 paenultimo
740 2454 834 2531 poeta
868 2447 950 2512 diem
975 2469 1066 2512 suum
1089 2447 1222 2515 natalem
1248 2448 1323 2512 allo·

160 2563 275 2644 quitur.
320 2557 405 2623 Nibil
428 2564 530 2622 autem
554 2559 714 2622 invenitur
736 2560 926 2639 argumenti,
951 2579 1012 2642 quo
1029 2559 1230 2631 confirmetur
1253 2581 1325 2624 sen-

156 2672 256 2736 tentia
278 2693 296 2734 a
319 2669 445 2754 Meyero
469 2671 513 2754 (p.
536 2670 600 2734 456
623 2679 654 2733 et
675 2670 754 2751 459)
777 2677 839 2735 tem
868 2670 1063 2736 confidenter
1085 2671 1217 2755 prolata.
1244 2673 1325 2736 trune

160 2803 229 2847 esse
253 2782 389 2867 primum
413 2781 497 2844 diem
530 2779 678 2859 natalem,
713 2801 804 2865 quem
840 2787 934 2864 poeta
957 2781 1065 2847 Tomis
1100 2784 1222 2849 viderit.
1268 2784 1323 2846 Sin

148 2897 336 2958 statuamus
359 2892 570 2958 necessarium
594 2885 704 2972 fuisse,
728 2898 763 2955 ut
777 2891 864 2956 exsul
880 2898 985 2976 poeta,
1010 2893 1060 2957 die
1076 2894 1173 2959 natali
1189 2895 1324 2978 primum

161 3003 324 3082 redeunte,
360 3003 514 3068 eiusmodi
550 3003 758 3083 cogitationes
782 3003 962 3086 conoiperet
984 3013 1015 3066 et
1037 3005 1176 3070 earmine
1198 3026 1324 3089 oompo·

163 3115 223 3180 sito
247 3115 280 3179 in
304 3114 404 3179 luoem
428 3121 596 3198 promeret,
620 3115 664 3178 ita
679 3121 714 3178 ut
729 3113 787 3178 hae
802 3114 924 3179 ratione
941 3112 1105 3194 efficiatur,
1128 3136 1198 3180 eum
1218 3137 1325 3182 meuse

161 3223 303 3307 Martiol)
326 3225 395 3292 eius
418 3226 504 3306 anni,
529 3246 589 3309 quo
615 3225 735 3290 ltaliam
759 3225 897 3309 reliquit,
920 3225 1059 3290 nondum
1085 3226 1193 3291 Tomis
1217 3228 1325 3308 fuisse,

160 3357 216 3402 eur
238 3357 298 3400 non
324 3337 415 3400 etium
441 3338 472 3401 in
489 3337 602 3401 itinere
630 3337 713 3400 idem
731 3337 873 3402 aoeidere
889 3338 1067 3422 oportuisse
1084 3337 1322 3417 contendamus,

157 3449 190 3515 iu
215 3469 275 3531 quo
298 3447 359 3512 hoo
381 3448 456 3512 anni
486 3449 602 3525 ,roasa
635 3455 776 3532 tempore
800 3468 870 3513 eum
896 3455 1081 3532 ooeupatum
1105 3449 1204 3514 luisse
1228 3449 1325 3514 Grae·

158 3558 263 3638 berne,
298 3559 372 3624 anni
409 3559 545 3639 762110
581 3558 728 3624 lnoersius
762 3559 889 3624 censet?
934 3559 996 3624 Sed
1029 3579 1134 3624 noune
1162 3559 1326 3625 simillimo

159 3668 251 3734 modo
275 3675 502 3760 posteapobta
524 3670 556 3734 in
579 3669 651 3735 libri
676 3670 778 3754 quinti
801 3671 939 3734 earmina
963 3671 1058 3735 tertio
1075 3671 1226 3754 etquinto
1243 3673 1325 3736 diem

160 3778 280 3845 Baccho
305 3780 460 3864 sacrum2)
484 3787 515 3846 et
538 3782 644 3845 uxoris
668 3781 751 3845 diem
768 3781 901 3845 natalem
918 3789 1153 3860 commemorat,
1178 3783 1231 3866 qui
1249 3802 1327 3865 quo·

157 3891 263 3956 minus
297 3913 317 3956 a
348 3899 451 3977 poeta,
486 3892 525 3956 ad
559 3893 769 3976 quodeunque
803 3892 876 3957 anni
906 3898 1033 3976 tempus
1067 3893 1327 3977 pertinentiam

156 4077 361 4086 u-——n-an

226 4173 248 4237 lt
267 4173 369 4228 Natum
397 4189 457 4228 esse
485 4175 610 4230 Ovidium
629 4193 652 4230 a.
672 4175 697 4231 d.
717 4175 796 4230 XIII.
816 4173 873 4229 Cal.
894 4175 957 4245 Apr.
976 4177 1069 4228 notum
1089 4177 1130 4226 est
1148 4173 1194 4240 (ei.
1214 4173 1258 4228 Tr.
1277 4171 1325 4240 Ν,

162 4270 329 4340 10‚13sq.t.
844 4284 845 4287 =
881 4289 883 4294 .

224 4362 248 4430 ²)
266 4362 307 4418 (ll.
325 4379 393 4432 quas
411 4363 481 4418 iufra
499 4363 630 4418 dieantur.
