3184 5008
648 361 860 426 ...49-

325 549 488 614 Tristities
511 567 639 614 causam
663 551 764 630 siquis
787 567 972 629 cognoscere
994 547 1128 630 quaerit,

374 660 506 724 Ostendi
528 661 627 724 solem
649 661 792 741 postulat
813 661 868 724 ille
890 660 963 741 sibi,

325 770 393 834 Nec
411 767 555 835 frondem
577 773 610 835 in
634 772 734 851 silvis,
757 790 815 836 nac
837 775 946 852 aperto
969 772 1080 836 mollia
1101 777 1192 853 prato

374 881 533 963 Gramina,
548 900 606 948 nec
628 882 721 963 pleno
743 883 875 946 lluminc
898 867 1128 963 cernit'aquas.

256 987 356 1070 Quam
387 992 625 1076 explicationem
652 991 846 1058 Schraderus
857 993 880 1075 ¹)
908 993 1063 1075 corrigere
1091 997 1238 1076 conatus,
1271 991 1334 1059 looi

170 1103 360 1169 sententiam
389 1103 482 1168 etiam
508 1102 597 1188 psius
621 1103 770 1188 corrupit.
806 1100 892 1179 Quae
916 1103 998 1168 enim
1022 1101 1168 1170 dicuntur
1191 1101 1229 1170 dc
1255 1103 1332 1187 sole,

174 1211 213 1280 dc
237 1214 358 1296 fronde,
383 1211 421 1278 dc
437 1211 643 1296 graminibus,
668 1213 706 1278 de
722 1213 811 1296 aquis
825 1208 864 1276 ad
879 1213 1056 1279 universam
1071 1213 1209 1295 regionis
1226 1213 1333 1281 'lomi-

169 1330 264 1390 tonae
287 1329 430 1389 naturam
452 1323 619 1390 referenda
641 1325 738 1406 ratus,
761 1323 794 1388 iu
819 1322 970 1408 exempla,
1006 1323 1118 1408 quibus
1142 1323 1218 1388 talia
1239 1326 1331 1390 etiam
1395 1391 1399 1398 ,

169 1433 243 1502 alibi
266 1435 307 1500 ds
330 1453 366 1499 ea
390 1434 452 1500 dici
476 1433 709 1521 comprobetur,
743 1431 921 1516 indaganda
952 1431 1095 1513 inutilem
1122 1453 1229 1499 curam
1256 1454 1331 1501 con·

167 1532 268 1611 16111Ι
296 1547 338 1610 At
360 1563 467 1610 nonno
488 1544 558 1609 1666
581 1543 696 1610 clarius
719 1549 779 1626 est,
803 1545 910 1609 omnia
932 1543 985 1609 illa
1007 1563 1070 1609 non
1087 1545 1217 1630 propria
1232 1545 1331 1627 signi·
1424 1592 1427 1610 .

50 1703 53 1708 -
170 1653 317 1721 litatione
328 1653 496 1740 usurpari?
525 1653 653 1720 Scilicet
663 1661 758 1740 poeta
773 1655 932 1731 tristitiam
946 1675 1033 1720 suam
1047 1653 1164 1720 idcirco
1177 1677 1332 1721 summam

170 1759 243 1832 esss'
269 1759 365 1849 dicit,
389 1764 473 1850 quod
500 1785 537 1831 ex
566 1785 660 1831 causa
681 1773 744 1829 tam
774 1767 877 1847 gravi,
906 1769 969 1831 tam
993 1771 1119 1850 aperta,
1143 1772 1206 1832 tarn
1229 1787 1291 1831 non
1315 1787 1332 1834 6

169 1868 376 1957 enemente,
405 1876 461 1941 sed
489 1876 622 1942 erebus
651 1883 757 1942 exorta
786 1855 837 1942 sit.
883 1861 950 1942 Cui
969 1877 1143 1943 sententiae
1166 1877 1214 1944 his
1238 1878 1330 1944 linem

169 1987 307 2073 imponit
328 2007 355 2053 v,
372 1985 407 2053 B.
432 2007 476 2070 sq.
1273 1993 1275 2000 “

290 2125 291 2130 “
320 2095 361 2161 br
375 2101 513 2163 facerent
528 2099 663 2179 utinam,
685 2099 762 2162 talis
778 2101 883 2162 status
906 2103 989 2163 esset
1010 2100 1044 2162 in
1066 2099 1121 2162 illo
1145 2099 1201 2182 (sc.
1224 2100 1330 2184 poeta)

266 2205 268 2212 ’
370 2209 414 2274 Ut
435 2209 516 2273 mihi
538 2211 692 2274 tristitiae
715 2229 812 2273 causa
834 2211 974 2273 docenda
995 2211 1084 2273 foret.

252 2319 333 2385 Eum
362 2319 476 2402 igitur,
501 2309 557 2404 qui'
577 2339 702 2385 causam
726 2318 811 2383 illam
835 2321 977 2402 quaerat,
1008 2318 1092 2383 baud
1114 2319 1204 2386 aliter
1226 2321 1328 2387 iacere

170 2431 261 2513 dicit,
293 2450 329 2495 ac
353 2432 405 2514 qui
429 2429 584 2496 derebus
608 2429 834 2515 apertissimis,
859 2449 940 2513 quae
960 2430 1207 2515 uniuscuiusque
1230 2431 1328 2498 oculis

168 2540 383 2622 obversentur,
408 2539 446 2606 ab
470 2539 567 2606 altero
592 2541 716 2606 edoceri
739 2540 821 2606 velit.
841 2578 882 2587 —
897 2537 1004 2624 ltaque
1026 2525 1163 2607 dubitari
1186 2529 1248 2606 non
1273 2562 1329 2626 po·

166 2651 239 2734 t'cst,
263 2652 339 2736 quin
360 2651 393 2716 in
418 2653 526 2717 nostra
548 2652 733 2735 quaestions
756 2649 904 2716 hocloco
927 2650 1146 2716 abstinendum
1171 2653 1222 2718 sit.

255 2763 389 2829 Carmen
412 2762 557 2852 quintumv
572 2761 730 2825 conditum
748 2762 916 2826 estanoris
933 2760 1105 2844 dienatali‚
1129 2764 1195 2847 qni,
1220 2783 1328 2846 quam·

167 2895 262 2960 quam
286 2894 346 2959 quo
368 2892 475 2937 mense
496 2870 600 2952 fuerit,
622 2890 683 2935 non
700 2871 845 2951 traditur,
861 2877 966 2936 tamen
983 2892 1002 2937 a
1017 2871 1174 2938 Graebero
1190 2872 1326 2958 (p.Vlll)

167 2991 199 3052 et
221 2984 367 3051 Sobulzio
391 2985 434 3068 (p.
450 2985 503 3064 12)
527 2988 656 3068 propter
677 3001 800 3046 versum
824 2982 844 3045 9
864 3001 922 3064 sq.:

320 3097 447 3176 Araque
470 3087 629 3174 gramineo
652 3093 764 3156 viridis
787 3094 824 3156 dc
848 3093 965 3172 cespite
987 3093 1077 3172 fiat·
1195 3075 1197 3082 χ

369 3197 406 3261 Et
428 3198 510 3261 velet
532 3197 655 3277 tepidos
678 3214 760 3258 nexa
782 3211 896 3257 corona
916 3195 1012 3258 iocos.

166 3309 272 3392 aliqua
304 3327 372 3372 cum
408 3306 682 3371 verisimilitudine
715 3306 833 3370 aestivo
867 3305 941 3371 anni
974 3306 1110 3392 tempori
1133 3305 1322 3373 attribuitur.

166 3420 291 3488 Oertam
321 3426 424 3484 autem
452 3418 603 3503 temporis
631 3423 736 3480 notam
764 3415 917 3500 praebent
943 3417 1090 3481 carminis
1118 3417 1230 3481 decimi
1254 3438 1323 3481 ver-

166 3551 221 3596 sus
247 3531 286 3594 10
308 3549 370 3697 81111.
385 3650 496 3695 snmus
518 3632 552 3694 in
574 3630 684 3709 Ponto,
707 3634 755 3693 ter
775 3630 890 3707 frigore
913 3630 1058 3693 constitit
1078 3629 1194 3709 Hister,

368 3743 463 3806 Facta
485 3745 533 3806 est
552 3741 670 3804 Euxini
694 3741 842 3804 durator
864 3740 950 3805 unda
971 3741 1077 3803 maris.

252 3853 337 3932 Quae
361 3854 429 3918 sins
452 3851 548 3916 dubio
572 3851 652 3915 banc
674 3851 862 3916 sententiam
886 3851 1076 3936 exprimunt:
1101 3849 1168 3934 „Ex
1191 3869 1251 3932 quo
1276 3852 1327 3914 bic

164 3964 285 4046 habito,
315 3971 362 4030 ter
384 3963 484 4028 biems
509 3961 610 4026 denuo
634 3961 806 4025 advenit.”'
833 3957 961 4054 Eisdem
986 3959 1068 4024 enirn
1090 3959 1195 4026 vorbis
1211 3961 1324 4044 hiemis

163 4076 290 4141 initium
307 4074 501 4155 significatur
521 4093 558 4138 ex
574 4070 607 4137 P.
620 4070 644 4154 l,
658 4074 688 4153 2,
701 4071 753 4153 81,
776 4077 811 4135 ut
825 4071 898 4138 iam·
910 4090 1006 4155 supra
1023 4070 1326 4137 animadvertimus:

163 4199 366 4208 -a——a—-u—

238 4253 260 4322 1)
278 4254 400 4309 Fleckeis
419 4253 476 4307 115.
499 4251 525 4306 S.
538 4252 587 4306 841
610 4225 739 4315 „Bcaiebt
756 4249 814 4304 sich
831 4248 961 4304 vielmehr
976 4248 1122 4318 allgemein
1140 4249 1255 4304 cnidon
1274 4250 1324 4304 Ori

163 4343 214 4396 dor
231 4337 439 4407 Verbannung.’'

1123 4439 1141 4490 4
