3178 5018
653 414 885 478 —107-

184 603 312 668 mittere
332 601 482 686 coeperit,
506 600 541 666 in
561 600 698 686 *epistota
719 597 792 666 huie
815 601 908 666 mam
932 599 1132 666 antecedenti
1153 593 1260 664 iocum
1280 615 1351 664 esse

184 719 279 794 negat
303 711 497 778 excusationi
521 709 566 777 illi
590 733 618 778 v,
643 712 662 776 3
685 732 747 795 sq:
767 755 768 762 κ
1237 723 1238 728 ’

338 825 439 888 Cuius
459 821 563 888 adbuc
584 842 698 888 nomen
721 827 847 888 nostros
869 823 1009 888 tacuisse
1030 823 1167 906 libellos,

390 935 424 999 Si
448 937 541 999 modo
562 935 724 1016 permittis
742 936 845 998 dicere
867 951 951 1014 vera,
974 936 1081 1015 pudet.

270 1045 333 1111 Sed
356 1047 492 1132 primum
517 1045 682 1131 epistolam
706 1042 1199 1126 l,8adanni13t766·damum
1225 1052 1350 1108 autum

183 1141 260 1222 num
283 1153 479 1222 referendam
504 1177 574 1222 esse
596 1155 805 1238 ostendimus,
828 1156 875 1222 ita
897 1163 933 1222 ut
954 1155 1088 1242 epistota
1109 1153 1161 1239 IV,
1176 1159 1195 1220 2
1211 1165 1242 1221 et
1256 1166 1351 1222 autea

186 1269 363 1354 composito
384 1288 454 1334 esse
477 1269 589 1353 possit,
624 1275 655 1334 et
688 1287 724 1334 eo
747 1273 901 1352 tempore,
926 1287 987 1352 quo
1010 1273 1134 1354 poetae,
1157 1267 1269 1336 multis
1286 1267 1349 1332 iam

186 1381 298 1446 amicis
321 1387 430 1465 aperte
452 1379 631 1465 appellatis,
655 1379 866 1446 excusationis
902 1399 999 1444 causa
1025 1374 1176 1444 adversus
1199 1377 1351 1443 Severum

186 1511 250 1558 uon
284 1490 402 1556 deerat.
456 1490 565 1575 Neque
597 1489 720 1555 libellos
753 1491 932 1556 necessario
967 1488 1193 1572 intellegendos
1217 1510 1287 1554 esse
1311 1489 1350 1555 de

185 1601 288 1667 tribus
312 1601 472 1686 prioribus
488 1600 689 1666 Ponticarum
707 1600 909 1686 epistolarum
926 1601 1027 1683 libris,
1052 1600 1107 1668 sed
1123 1601 1241 1686 optime
1258 1620 1350 1668 usur·

186 1713 254 1798 peri
279 1712 339 1778 hoc
361 1712 548 1778 vocabulum
571 1712 610 1777 de
627 1712 761 1795 singulis
777 1713 922 1798 epistolis
939 1733 1017 1797 quus
1032 1714 1094 1778 iam
1112 1717 1185 1778 ante
1199 1711 1351 1778 librorum

186 1843 322 1908 corpora
345 1824 429 1888 edita
450 1844 469 1888 a
493 1823 659 1888 bominum
679 1825 857 1904 cognitione
891 1843 954 1890 non
977 1823 1071 1908 plane
1092 1829 1231 1890 remotas
1253 1823 1352 1888 tuisse

185 1935 401 2020 exposuimus,
425 1934 485 1999 alio
508 1934 577 2000 loro
601 1936 663 1999 iam
687 1935 851 2020 probatum
876 1940 925 2000 est

273 2045 408 2110 Nimium
438 2053 539 2110 autem
563 2044 714 2131 ponderis
740 2045 851 2110 tribuit
872 2043 1038 2110 Sohuizius
1066 2045 1129 2128 eis,
1156 2061 1237 2129 quae
1260 2051 1353 2128 poeta

182 2159 228 2238 (r.
255 2159 293 2221 1¹5
316 2158 397 2240 sqq.)
421 2156 499 2220 dio‘it
521 2157 559 2222 do
582 2157 709 2238 ingenio
733 2177 790 2222 suo
814 2157 991 2239 imminuto,
1016 2175 1077 2240 quo
1101 2157 1161 2221 iam
1186 2158 1287 2220 rarius
1311 2155 1351 2222 sd

185 2267 326 2332 carusius
347 2269 516 2352 pangenda
539 2268 675 2333 accedat.
719 2267 788 2345 Quo
823 2287 881 2332 nos
903 2283 966 2332 non
989 2268 1090 2333 vetari
1114 2267 1153 2331 ad
1176 2249 1259 2332 idem
1282 2269 1350 2332 iere

186 2383 310 2464 tempus
335 2379 393 2443 boo
416 2397 540 2445 carmen
564 2380 690 2461 referre,
715 2379 755 2444 ad
778 2380 861 2464 quod
883 2379 1021 2464 primunr
1045 2398 1082 2443 ex
1098 2377 1198 2443 Ponto
1221 2377 1349 2459 librum,

184 2490 258 2554 inde
282 2497 423 2574 apparet,
448 2492 531 2574 quod
555 2490 647 2576 piane
671 2490 779 2556 eadem
803 2490 948 2571 leguntur
980 2490 1013 2555 in
1048 2509 1097 2575 ep.
1124 2489 1228 2572 t,5,3
1266 2508 1352 2572 sqq:

184 2599 248 2665 Sed
270 2601 316 2665 eis
342 2619 466 2684 quoque
489 2602 696 2686 temporibus,
732 2601 848 2685 quibus
872 2601 1024 2667 Tristium
1060 2599 1131 2666 iibri
1166 2600 1351 2686 prodierunt

183 2730 310 2775 carmen
333 2711 461 2778 attribui
478 2729 584 2796 posse,
602 2713 659 2789 eis,
677 2711 812 2796 quaeda
829 2714 970 2797 priorum
986 2711 1136 2778 librorum
1153 2711 1350 2796 temporibus

183 2823 401 2907 exposuimus,
425 2821 656 2907 comprobatur.
737 2807 739 2812 ⁸

184 2966 186 2975 ·
270 2933 326 2998 Sin
358 2933 523 3018 ponimus,
557 2953 591 2998 re
624 2953 698 2999 vera
724 2953 794 2999 esse
827 2935 962 3018 priorem
998 2932 1162 3020 epistolam
1195 2938 1348 3018 tempore,

185 3063 264 3127 quae
293 3051 341 3109 est
362 3046 518 3128 posterior
543 3045 628 3126 loco,
659 3065 721 3109 una
743 3045 837 3110 etiam
861 3044 1044 3110 difficultate
1067 3045 1204 3130 expediti
1227 3065 1348 3124 sumus,
1404 3084 1406 3088 ι

164 3174 276 3238 quae,
301 3174 489 3238 quamquam
511 3155 579 3246 tolli
601 3177 668 3220 eum
693 3176 785 3241 posse
809 3157 902 3221 etiam
926 3155 987 3221 alio
1010 3156 1102 3221 modo
1130 3175 1226 3241 supra
1253 3175 1348 3239 expo-

184 3267 317 3345 suimus,
340 3270 446 3332 tamen
470 3267 551 3332 iuter
575 3286 685 3332 omues
708 3269 927 3350 gravissimam
952 3289 1024 3334 esse
1038 3268 1273 3333 concedendum
1291 3272 1348 3331 est.

185 3375 304 3462 Nempe
333 3377 359 3440 si
389 3378 421 3442 in
450 3377 585 3462 epistota
606 3379 711 3463 priore
733 3385 874 3463 tempore
896 3379 1073 3463 composita
1095 3379 1171 3443 artis
1195 3377 1349 3464 poeticae,

181 3507 246 3572 qua
262 3487 398 3553 Seuerus
421 3488 536 3569 floruit,
560 3489 646 3554 nulla
667 3490 757 3554 tieret
779 3491 909 3568 mentio,
933 3491 1089 3574 posterior
1110 3495 1213 3553 autem
1237 3490 1269 3552 in
1292 3487 1350 3552 bac

182 3599 247 3664 iere
271 3617 388 3663 unare
411 3606 606 3682 versaretur,
635 3602 704 3666 iure
727 3601 921 3667 miraremur.
966 3601 1099 3680 Contra,
1128 3619 1189 3683 quo
1213 3597 1349 3682 amplius

181 3713 277 3795 poeta
310 3709 348 3774 de
382 3710 440 3775 bae
473 3711 565 3775 amici
587 3712 700 3777 virtute
723 3713 828 3797 priore
852 3709 985 3796 epistola
1007 3718 1128 3793 egerat,
1164 3729 1201 3776 eo
1223 3708 1348 3774 facilius

181 3820 214 3884 in
234 3821 411 3905 posteriore
437 3827 557 3907 poterat
581 3841 648 3888 eam
672 3824 826 3888 omittere.
861 3821 924 3888 lam
948 3823 1048 3904 magis
1065 3821 1165 3902 magis
1180 3857 1221 3870 -
1238 3839 1351 3912 queso

187 3923 395 4012 deflectimur,
418 3940 453 3996 ut
475 3933 681 4017 compositam
705 3953 776 3998 esse
798 3932 891 3999 nobis
912 3934 1160 4018 persuadeamus
1183 3931 1348 4017 epistolam

182 4038 268 4120 iV,2
292 4049 365 4108 ante
389 4041 553 4127 epistolam
578 4042 638 4123 l,8
667 4061 703 4108 eo
732 4045 799 4110 iere
820 4049 964 4131 tempore
988 4065 1055 4122 oum
1081 4045 1143 4109 iam
1166 4063 1240 4130 pars
1265 4041 1348 4108 Pon*

180 4151 314 4218 tioarum
338 4153 540 4237 epistolarum
559 4153 686 4220 Romam
710 4155 748 4219 ad
766 4157 883 4222 amicos
900 4157 996 4221 missa
1017 4163 1109 4224 osset.
1142 4154 1228 4232 Quae
1243 4164 1348 4220 tamen

182 4264 427 4330 sententiatum
451 4265 577 4332 demum
601 4267 677 4331 satis
701 4266 840 4332 stabiiita
861 4268 937 4349 erit,
962 4285 1031 4331 oum
1055 4267 1128 4332 aitis
1151 4284 1275 4352 quoque
1297 4285 1349 4332 ra·

182 4373 325 4442 tionibus
346 4373 591 4460 ostenderimus,
615 4376 695 4443 libro
718 4384 828 4462 quarto
852 4377 960 4444 eodem
979 4378 1072 4443 modo
1088 4385 1123 4444 ut
1142 4378 1243 4443 tribus
1262 4379 1348 4464 prio·
