<?xml version="1.0" encoding="UTF-8"?>
<!DOCTYPE html PUBLIC "-//W3C//DTD XHTML 1.0 Transitional//EN"
    "http://www.w3.org/TR/xhtml1/DTD/xhtml1-transitional.dtd">
<html xmlns="http://www.w3.org/1999/xhtml" xml:lang="en" lang="en">
 <head>
  <title>
</title>
<meta http-equiv="Content-Type" content="text/html;charset=utf-8" />
  <meta name='ocr-system' content='tesseract 3.04.00' />
  <meta name='ocr-capabilities' content='ocr_page ocr_carea ocr_par ocr_line ocrx_word'/>
</head>
<body>
  <div class='ocr_page' id='page_1' title='image "./quaestionesovid00wartgoog_0087.png"; bbox 0 0 3178 5018; ppageno 0'>
   <div class='ocr_carea' id='block_1_1' title="bbox 740 343 955 419">
    <p class='ocr_par' dir='ltr' id='par_1_1' title="bbox 740 343 955 419">
     <span class='ocr_line' id='line_1_1' title="bbox 740 343 955 419; baseline 0 -19"><span class='ocrx_word' id='word_1_1' title='bbox 740 343 865 419; x_wconf 70' lang='lat' dir='ltr'>..qg</span> <span class='ocrx_word' id='word_1_2' title='bbox 916 391 955 400; x_wconf 79' lang='grc'>.-</span> 
     </span>
    </p>
   </div>
   <div class='ocr_carea' id='block_1_2' title="bbox 165 543 1433 2186">
    <p class='ocr_par' dir='ltr' id='par_1_2' title="bbox 165 543 1433 2186">
     <span class='ocr_line' id='line_1_2' title="bbox 419 543 1272 626; baseline 0 -20"><span class='ocrx_word' id='word_1_3' title='bbox 419 543 478 618; x_wconf 87' lang='lat' dir='ltr'>Qui</span> <span class='ocrx_word' id='word_1_4' title='bbox 495 543 524 606; x_wconf 87' lang='lat' dir='ltr'>ei</span> <span class='ocrx_word' id='word_1_5' title='bbox 546 544 625 606; x_wconf 82' lang='lat' dir='ltr'>forte</span> <span class='ocrx_word' id='word_1_6' title='bbox 647 543 728 606; x_wconf 90' lang='lat' dir='ltr'>liber</span> <span class='ocrx_word' id='word_1_7' title='bbox 749 546 871 606; x_wconf 83' lang='lat' dir='ltr'>vestros</span> <span class='ocrx_word' id='word_1_8' title='bbox 893 543 1037 622; x_wconf 87' lang='lat' dir='ltr'>pervenit</span> <span class='ocrx_word' id='word_1_9' title='bbox 1061 545 1102 607; x_wconf 91' lang='lat' dir='ltr'>ad</span> <span class='ocrx_word' id='word_1_10' title='bbox 1124 561 1227 621; x_wconf 81' lang='lat' dir='ltr'>aurea,</span> <span class='ocrx_word' id='word_1_11' title='bbox 1271 617 1272 626; x_wconf 8' lang='grc' dir='ltr'>χ</span> 
     </span>
     <span class='ocr_line' id='line_1_3' title="bbox 467 653 1115 732; baseline 0.002 -16"><span class='ocrx_word' id='word_1_12' title='bbox 467 653 624 731; x_wconf 76' lang='lat' dir='ltr'>&#39;intelam</span> <span class='ocrx_word' id='word_1_13' title='bbox 647 655 773 732; x_wconf 88' lang='lat' dir='ltr'>mando,</span> <span class='ocrx_word' id='word_1_14' title='bbox 797 654 915 718; x_wconf 78' lang='lat' dir='ltr'>sentiat</span> <span class='ocrx_word' id='word_1_15' title='bbox 936 655 991 718; x_wconf 86' lang='lat' dir='ltr'>ille</span> <span class='ocrx_word' id='word_1_16' title='bbox 1016 659 1115 719; x_wconf 90' lang='lat' dir='ltr'>tuam.</span> 
     </span>
     <span class='ocr_line' id='line_1_4' title="bbox 702 764 991 846; baseline 0.003 -20"><span class='ocrx_word' id='word_1_17' title='bbox 702 767 733 827; x_wconf 91' lang='lat' dir='ltr'>et</span> <span class='ocrx_word' id='word_1_18' title='bbox 756 764 812 844; x_wconf 76' lang='grc' dir='ltr'>ΙΙΙ,</span> <span class='ocrx_word' id='word_1_19' title='bbox 834 767 863 844; x_wconf 81' lang='grc'>4,</span> <span class='ocrx_word' id='word_1_20' title='bbox 887 765 906 828; x_wconf 85' lang='grc'>3</span> <span class='ocrx_word' id='word_1_21' title='bbox 930 784 991 846; x_wconf 84' lang='lat' dir='ltr'>sq:</span> 
     </span>
     <span class='ocr_line' id='line_1_5' title="bbox 416 875 1249 957; baseline 0.001 -19"><span class='ocrx_word' id='word_1_22' title='bbox 416 875 521 954; x_wconf 88' lang='lat' dir='ltr'>thue</span> <span class='ocrx_word' id='word_1_23' title='bbox 544 893 602 938; x_wconf 82' lang='lat' dir='ltr'>suo</span> <span class='ocrx_word' id='word_1_24' title='bbox 624 877 741 955; x_wconf 81' lang='lat' dir='ltr'>faveae,</span> <span class='ocrx_word' id='word_1_25' title='bbox 763 877 904 954; x_wconf 83' lang='lat' dir='ltr'>mandat,</span> <span class='ocrx_word' id='word_1_26' title='bbox 928 876 1050 955; x_wconf 84' lang='lat' dir='ltr'>Rufine,</span> <span class='ocrx_word' id='word_1_27' title='bbox 1076 877 1249 957; x_wconf 79' lang='lat' dir='ltr'>triumpho,</span> 
     </span>
     <span class='ocr_line' id='line_1_6' title="bbox 466 986 1158 1052; baseline 0.003 -4"><span class='ocrx_word' id='word_1_28' title='bbox 466 986 503 1050; x_wconf 88' lang='lat' dir='ltr'>ln</span> <span class='ocrx_word' id='word_1_29' title='bbox 525 991 647 1050; x_wconf 82' lang='lat' dir='ltr'>vestrae</span> <span class='ocrx_word' id='word_1_30' title='bbox 669 987 757 1049; x_wconf 87' lang='lat' dir='ltr'>venit</span> <span class='ocrx_word' id='word_1_31' title='bbox 779 987 806 1052; x_wconf 85' lang='lat' dir='ltr'>ei</span> <span class='ocrx_word' id='word_1_32' title='bbox 828 991 936 1050; x_wconf 89' lang='lat' dir='ltr'>tamen</span> <span class='ocrx_word' id='word_1_33' title='bbox 958 989 1013 1050; x_wconf 92' lang='lat' dir='ltr'>illc</span> <span class='ocrx_word' id='word_1_34' title='bbox 1034 987 1158 1052; x_wconf 80' lang='lat' dir='ltr'>manus,</span> 
     </span>
     <span class='ocr_line' id='line_1_7' title="bbox 349 1096 1428 1183; baseline 0.001 -22"><span class='ocrx_word' id='word_1_35' title='bbox 349 1096 498 1164; x_wconf 84' lang='lat' dir='ltr'><strong>Nuntium</strong></span> <span class='ocrx_word' id='word_1_36' title='bbox 522 1103 625 1164; x_wconf 85' lang='lat' dir='ltr'>autem</span> <span class='ocrx_word' id='word_1_37' title='bbox 650 1115 719 1161; x_wconf 86' lang='lat' dir='ltr'>sero</span> <span class='ocrx_word' id='word_1_38' title='bbox 742 1097 825 1162; x_wconf 80' lang='lat' dir='ltr'>tuma</span> <span class='ocrx_word' id='word_1_39' title='bbox 848 1097 887 1160; x_wconf 88' lang='lat' dir='ltr'>ad</span> <span class='ocrx_word' id='word_1_40' title='bbox 910 1102 944 1164; x_wconf 83' lang='lat' dir='ltr'>se&#39;</span> <span class='ocrx_word' id='word_1_41' title='bbox 967 1097 1121 1182; x_wconf 87' lang='lat' dir='ltr'>perlatum</span> <span class='ocrx_word' id='word_1_42' title='bbox 1146 1119 1226 1180; x_wconf 81' lang='lat' dir='ltr'>esee,</span> <span class='ocrx_word' id='word_1_43' title='bbox 1253 1097 1428 1183; x_wconf 84' lang='lat' dir='ltr'>profitetur:</span> 
     </span>
     <span class='ocr_line' id='line_1_8' title="bbox 165 1196 1433 1292; baseline 0.002 -21"><span class='ocrx_word' id='word_1_44' title='bbox 165 1196 166 1206; x_wconf 41' lang='lat'>¹</span> <span class='ocrx_word' id='word_1_45' title='bbox 268 1228 329 1292; x_wconf 91' lang='lat' dir='ltr'>quo</span> <span class='ocrx_word' id='word_1_46' title='bbox 357 1208 475 1273; x_wconf 86' lang='lat' dir='ltr'>factum</span> <span class='ocrx_word' id='word_1_47' title='bbox 499 1227 584 1287; x_wconf 85' lang='lat' dir='ltr'>esse,</span> <span class='ocrx_word' id='word_1_48' title='bbox 609 1213 643 1271; x_wconf 89' lang='lat' dir='ltr'>ut</span> <span class='ocrx_word' id='word_1_49' title='bbox 666 1226 790 1273; x_wconf 87' lang='lat' dir='ltr'>carmen</span> <span class='ocrx_word' id='word_1_50' title='bbox 813 1227 937 1292; x_wconf 90' lang='lat' dir='ltr'>quoque</span> <span class='ocrx_word' id='word_1_51' title='bbox 964 1206 1041 1274; x_wconf 92' lang='lat' dir='ltr'>illud</span> <span class='ocrx_word' id='word_1_52' title='bbox 1065 1229 1134 1274; x_wconf 86' lang='lat' dir='ltr'>sero</span> <span class='ocrx_word' id='word_1_53' title='bbox 1156 1209 1309 1276; x_wconf 74' lang='lat' dir='ltr'>ederetur</span> <span class='ocrx_word' id='word_1_54' title='bbox 1323 1211 1360 1276; x_wconf 84' lang='lat' dir='ltr'>cf.</span> <span class='ocrx_word' id='word_1_55' title='bbox 1378 1207 1433 1291; x_wconf 61' lang='grc' dir='ltr'>ΙΙΙ,Δ</span> 
     </span>
     <span class='ocr_line' id='line_1_9' title="bbox 262 1319 1224 1402; baseline 0.002 -18"><span class='ocrx_word' id='word_1_56' title='bbox 262 1319 295 1401; x_wconf 80' lang='lat'>4,</span> <span class='ocrx_word' id='word_1_57' title='bbox 318 1319 358 1386; x_wconf 76' lang='lat'>57</span> <span class='ocrx_word' id='word_1_58' title='bbox 383 1339 470 1402; x_wconf 89' lang='lat' dir='ltr'>sqq.:</span> <span class='ocrx_word' id='word_1_59' title='bbox 1222 1323 1224 1326; x_wconf 76' lang='grc'><strong>’</strong></span> 
     </span>
     <span class='ocr_line' id='line_1_10' title="bbox 416 1430 1199 1509; baseline 0.001 -16"><span class='ocrx_word' id='word_1_60' title='bbox 416 1430 488 1494; x_wconf 89' lang='lat' dir='ltr'>Non</span> <span class='ocrx_word' id='word_1_61' title='bbox 512 1449 568 1508; x_wconf 83' lang='lat' dir='ltr'>ego</span> <span class='ocrx_word' id='word_1_62' title='bbox 589 1432 720 1509; x_wconf 77' lang='lat' dir='ltr'>cessavi,</span> <span class='ocrx_word' id='word_1_63' title='bbox 744 1449 800 1494; x_wconf 89' lang='lat' dir='ltr'>nec</span> <span class='ocrx_word' id='word_1_64' title='bbox 823 1432 898 1495; x_wconf 84' lang='lat' dir='ltr'>fecit</span> <span class='ocrx_word' id='word_1_65' title='bbox 920 1433 1035 1496; x_wconf 88' lang='lat' dir='ltr'>inertia</span> <span class='ocrx_word' id='word_1_66' title='bbox 1056 1433 1199 1496; x_wconf 90' lang='lat' dir='ltr'>tardum:</span> 
     </span>
     <span class='ocr_line' id='line_1_11' title="bbox 467 1542 1109 1608; baseline -0.002 -2"><span class='ocrx_word' id='word_1_67' title='bbox 467 1542 589 1606; x_wconf 87' lang='lat' dir='ltr'>Ultima</span> <span class='ocrx_word' id='word_1_68' title='bbox 611 1562 661 1606; x_wconf 91' lang='lat' dir='ltr'>me</span> <span class='ocrx_word' id='word_1_69' title='bbox 684 1543 767 1606; x_wconf 81' lang='lat' dir='ltr'>vasti</span> <span class='ocrx_word' id='word_1_70' title='bbox 791 1544 929 1606; x_wconf 85' lang='lat' dir='ltr'>sustinet</span> <span class='ocrx_word' id='word_1_71' title='bbox 952 1561 1007 1606; x_wconf 90' lang='lat' dir='ltr'>cra</span> <span class='ocrx_word' id='word_1_72' title='bbox 1028 1545 1109 1608; x_wconf 83' lang='lat' dir='ltr'>freti.</span> 
     </span>
     <span class='ocr_line' id='line_1_12' title="bbox 417 1654 1366 1735; baseline 0.005 -20"><span class='ocrx_word' id='word_1_73' title='bbox 417 1654 501 1716; x_wconf 86' lang='lat' dir='ltr'>Dum</span> <span class='ocrx_word' id='word_1_74' title='bbox 524 1654 612 1716; x_wconf 85' lang='lat' dir='ltr'>venit</span> <span class='ocrx_word' id='word_1_75' title='bbox 633 1655 695 1716; x_wconf 92' lang='lat' dir='ltr'>huc</span> <span class='ocrx_word' id='word_1_76' title='bbox 717 1673 835 1732; x_wconf 87' lang='lat' dir='ltr'>rumor,</span> <span class='ocrx_word' id='word_1_77' title='bbox 859 1659 1089 1735; x_wconf 80' lang='lat' dir='ltr'>properataque</span> <span class='ocrx_word' id='word_1_78' title='bbox 1112 1656 1253 1720; x_wconf 82' lang='lat' dir='ltr'>carmine</span> <span class='ocrx_word' id='word_1_79' title='bbox 1274 1657 1366 1735; x_wconf 87' lang='lat' dir='ltr'>fiunt,</span> 
     </span>
     <span class='ocr_line' id='line_1_13' title="bbox 467 1764 1266 1848; baseline 0.004 -21"><span class='ocrx_word' id='word_1_80' title='bbox 467 1764 624 1845; x_wconf 79' lang='lat' dir='ltr'>Factaque</span> <span class='ocrx_word' id='word_1_81' title='bbox 646 1768 723 1830; x_wconf 89' lang='lat' dir='ltr'>eunt</span> <span class='ocrx_word' id='word_1_82' title='bbox 745 1767 785 1828; x_wconf 92' lang='lat' dir='ltr'>ad</span> <span class='ocrx_word' id='word_1_83' title='bbox 808 1783 874 1843; x_wconf 78' lang='lat' dir='ltr'>roe,</span> <span class='ocrx_word' id='word_1_84' title='bbox 898 1785 1001 1830; x_wconf 84' lang='lat' dir='ltr'>annue</span> <span class='ocrx_word' id='word_1_85' title='bbox 1024 1767 1130 1830; x_wconf 82' lang='lat' dir='ltr'>abisse</span> <span class='ocrx_word' id='word_1_86' title='bbox 1151 1771 1266 1848; x_wconf 83' lang='lat' dir='ltr'>potest.</span> 
     </span>
     <span class='ocr_line' id='line_1_14' title="bbox 352 1874 1428 1961; baseline 0.003 -21"><span class='ocrx_word' id='word_1_87' title='bbox 352 1875 446 1940; x_wconf 89' lang='lat' dir='ltr'>Recte</span> <span class='ocrx_word' id='word_1_88' title='bbox 470 1882 573 1939; x_wconf 87' lang='lat' dir='ltr'>autem</span> <span class='ocrx_word' id='word_1_89' title='bbox 598 1874 763 1940; x_wconf 86' lang='lat' dir='ltr'>Schulzins</span> <span class='ocrx_word' id='word_1_90' title='bbox 785 1878 828 1960; x_wconf 84' lang='lat' dir='ltr'>(p.</span> <span class='ocrx_word' id='word_1_91' title='bbox 842 1879 897 1957; x_wconf 81' lang='lat' dir='ltr'>m)</span> <span class='ocrx_word' id='word_1_92' title='bbox 921 1876 1046 1959; x_wconf 87' lang='lat' dir='ltr'>Meyero</span> <span class='ocrx_word' id='word_1_93' title='bbox 1071 1885 1116 1961; x_wconf 83' lang='lat' dir='ltr'>(p.</span> <span class='ocrx_word' id='word_1_94' title='bbox 1131 1879 1208 1960; x_wconf 85' lang='grc'>460)</span> <span class='ocrx_word' id='word_1_95' title='bbox 1247 1878 1428 1943; x_wconf 76' lang='lat' dir='ltr'>adversatae</span> 
     </span>
     <span class='ocr_line' id='line_1_15' title="bbox 269 1973 1430 2072; baseline 0.001 -19"><span class='ocrx_word' id='word_1_96' title='bbox 269 1973 416 2069; x_wconf 87' lang='lat' dir='ltr'>ostendit,</span> <span class='ocrx_word' id='word_1_97' title='bbox 439 1987 513 2052; x_wconf 90' lang='lat' dir='ltr'>inde</span> <span class='ocrx_word' id='word_1_98' title='bbox 535 2005 599 2052; x_wconf 91' lang='lat' dir='ltr'>non</span> <span class='ocrx_word' id='word_1_99' title='bbox 615 1988 778 2071; x_wconf 78' lang='lat' dir='ltr'>consequi,</span> <span class='ocrx_word' id='word_1_100' title='bbox 795 1993 919 2072; x_wconf 76' lang='lat' dir='ltr'>poetam</span> <span class='ocrx_word' id='word_1_101' title='bbox 937 1992 1011 2072; x_wconf 83' lang='lat' dir='ltr'>post</span> <span class='ocrx_word' id='word_1_102' title='bbox 1026 1987 1152 2072; x_wconf 88' lang='lat' dir='ltr'>plenum</span> <span class='ocrx_word' id='word_1_103' title='bbox 1169 1988 1292 2056; x_wconf 89' lang='lat' dir='ltr'>demum</span> <span class='ocrx_word' id='word_1_104' title='bbox 1312 2009 1430 2054; x_wconf 80' lang='lat' dir='ltr'>annum</span> 
     </span>
     <span class='ocr_line' id='line_1_16' title="bbox 267 2098 1428 2186; baseline -0.001 -20"><span class='ocrx_word' id='word_1_105' title='bbox 267 2099 306 2166; x_wconf 90' lang='lat' dir='ltr'>de</span> <span class='ocrx_word' id='word_1_106' title='bbox 329 2099 488 2186; x_wconf 88' lang='lat' dir='ltr'>triumpho</span> <span class='ocrx_word' id='word_1_107' title='bbox 518 2098 680 2163; x_wconf 75' lang='lat' dir='ltr'>certiorem</span> <span class='ocrx_word' id='word_1_108' title='bbox 714 2099 830 2164; x_wconf 84' lang='lat' dir='ltr'>factum</span> <span class='ocrx_word' id='word_1_109' title='bbox 866 2119 944 2166; x_wconf 82' lang='lat' dir='ltr'>esse.</span> <span class='ocrx_word' id='word_1_110' title='bbox 989 2099 1066 2164; x_wconf 86' lang='lat' dir='ltr'>Nem</span> <span class='ocrx_word' id='word_1_111' title='bbox 1091 2099 1226 2184; x_wconf 90' lang='lat' dir='ltr'>primum</span> <span class='ocrx_word' id='word_1_112' title='bbox 1249 2099 1299 2164; x_wconf 86' lang='lat' dir='ltr'>bis</span> <span class='ocrx_word' id='word_1_113' title='bbox 1321 2099 1428 2165; x_wconf 82' lang='lat' dir='ltr'>verbis</span> 
     </span>
    </p>
   </div>
   <div class='ocr_carea' id='block_1_3' title="bbox 151 2203 1428 2294">
    <p class='ocr_par' dir='ltr' id='par_1_3' title="bbox 151 2203 1428 2294">
     <span class='ocr_line' id='line_1_17' title="bbox 151 2203 1428 2294; baseline -0.002 -16"><span class='ocrx_word' id='word_1_114' title='bbox 151 2203 153 2208; x_wconf 62' lang='grc'>’</span> <span class='ocrx_word' id='word_1_115' title='bbox 265 2215 366 2278; x_wconf 86' lang='lat' dir='ltr'>totum</span> <span class='ocrx_word' id='word_1_116' title='bbox 389 2217 514 2294; x_wconf 81' lang='lat' dir='ltr'>tempus</span> <span class='ocrx_word' id='word_1_117' title='bbox 538 2208 745 2291; x_wconf 77' lang='lat' dir='ltr'>significatur,</span> <span class='ocrx_word' id='word_1_118' title='bbox 769 2210 853 2294; x_wconf 92' lang='lat' dir='ltr'>quod</span> <span class='ocrx_word' id='word_1_119' title='bbox 870 2211 1065 2276; x_wconf 76' lang='lat' dir='ltr'>intercedere</span> <span class='ocrx_word' id='word_1_120' title='bbox 1080 2217 1205 2294; x_wconf 86' lang='lat' dir='ltr'>poterat</span> <span class='ocrx_word' id='word_1_121' title='bbox 1218 2212 1300 2277; x_wconf 85' lang='lat' dir='ltr'>inter</span> <span class='ocrx_word' id='word_1_122' title='bbox 1314 2213 1428 2278; x_wconf 92' lang='lat' dir='ltr'>trium-</span> 
     </span>
    </p>
   </div>
   <div class='ocr_carea' id='block_1_4' title="bbox 264 2319 1472 4296">
    <p class='ocr_par' dir='ltr' id='par_1_4' title="bbox 264 2319 1472 2848">
     <span class='ocr_line' id='line_1_18' title="bbox 264 2319 1431 2409; baseline 0 -22"><span class='ocrx_word' id='word_1_123' title='bbox 264 2322 362 2409; x_wconf 90' lang='lat' dir='ltr'>phum</span> <span class='ocrx_word' id='word_1_124' title='bbox 388 2327 489 2388; x_wconf 89' lang='lat' dir='ltr'>aetum</span> <span class='ocrx_word' id='word_1_125' title='bbox 519 2325 551 2386; x_wconf 90' lang='lat' dir='ltr'>et</span> <span class='ocrx_word' id='word_1_126' title='bbox 578 2340 703 2386; x_wconf 90' lang='lat' dir='ltr'>carmen</span> <span class='ocrx_word' id='word_1_127' title='bbox 727 2319 855 2386; x_wconf 84' lang='lat' dir='ltr'>Romam</span> <span class='ocrx_word' id='word_1_128' title='bbox 889 2323 1031 2387; x_wconf 85' lang='lat' dir='ltr'>missum.</span> <span class='ocrx_word' id='word_1_129' title='bbox 1077 2321 1156 2386; x_wconf 86' lang='lat' dir='ltr'>Tum</span> <span class='ocrx_word' id='word_1_130' title='bbox 1179 2342 1219 2388; x_wconf 89' lang='lat' dir='ltr'>ne</span> <span class='ocrx_word' id='word_1_131' title='bbox 1242 2343 1279 2387; x_wconf 85' lang='lat' dir='ltr'>eo</span> <span class='ocrx_word' id='word_1_132' title='bbox 1303 2323 1431 2407; x_wconf 89' lang='lat' dir='ltr'>quidem</span> 
     </span>
     <span class='ocr_line' id='line_1_19' title="bbox 267 2422 1431 2518; baseline -0.001 -20"><span class='ocrx_word' id='word_1_133' title='bbox 267 2435 368 2518; x_wconf 87' lang='lat' dir='ltr'>spatio</span> <span class='ocrx_word' id='word_1_134' title='bbox 392 2452 426 2496; x_wconf 88' lang='lat' dir='ltr'>re</span> <span class='ocrx_word' id='word_1_135' title='bbox 448 2451 522 2497; x_wconf 88' lang='lat' dir='ltr'>vera</span> <span class='ocrx_word' id='word_1_136' title='bbox 544 2438 641 2498; x_wconf 87' lang='lat' dir='ltr'>totum</span> <span class='ocrx_word' id='word_1_137' title='bbox 666 2451 781 2496; x_wconf 86' lang='lat' dir='ltr'>annum</span> <span class='ocrx_word' id='word_1_138' title='bbox 806 2431 995 2517; x_wconf 90' lang='lat' dir='ltr'>completum</span> <span class='ocrx_word' id='word_1_139' title='bbox 1012 2453 1081 2501; x_wconf 85' lang='lat' dir='ltr'>esse</span> <span class='ocrx_word' id='word_1_140' title='bbox 1100 2432 1271 2498; x_wconf 86' lang='lat' dir='ltr'>verisimile</span> <span class='ocrx_word' id='word_1_141' title='bbox 1294 2441 1351 2498; x_wconf 87' lang='lat' dir='ltr'>est.</span> <span class='ocrx_word' id='word_1_142' title='bbox 1381 2422 1431 2497; x_wconf 80' lang='lat' dir='ltr'>&#39;Ea</span> 
     </span>
     <span class='ocr_line' id='line_1_20' title="bbox 269 2542 1472 2625; baseline 0 -15"><span class='ocrx_word' id='word_1_143' title='bbox 269 2544 352 2610; x_wconf 91' lang='lat' dir='ltr'>enim</span> <span class='ocrx_word' id='word_1_144' title='bbox 376 2543 498 2608; x_wconf 86' lang='lat' dir='ltr'>ratione</span> <span class='ocrx_word' id='word_1_145' title='bbox 521 2542 657 2606; x_wconf 84' lang='lat' dir='ltr'>solemus</span> <span class='ocrx_word' id='word_1_146' title='bbox 679 2562 737 2608; x_wconf 88' lang='lat' dir='ltr'>nos</span> <span class='ocrx_word' id='word_1_147' title='bbox 761 2563 920 2619; x_wconf 81' lang='lat' dir='ltr'>excusare,</span> <span class='ocrx_word' id='word_1_148' title='bbox 938 2549 973 2609; x_wconf 88' lang='lat' dir='ltr'>ut</span> <span class='ocrx_word' id='word_1_149' title='bbox 987 2545 1201 2625; x_wconf 83' lang='lat' dir='ltr'>ostendemus,</span> <span class='ocrx_word' id='word_1_150' title='bbox 1219 2544 1337 2610; x_wconf 84' lang='lat' dir='ltr'>eisdem</span> <span class='ocrx_word' id='word_1_151' title='bbox 1354 2564 1429 2610; x_wconf 91' lang='lat' dir='ltr'>con·</span> <span class='ocrx_word' id='word_1_152' title='bbox 1471 2575 1472 2580; x_wconf 42' lang='lat'>¹</span> 
     </span>
     <span class='ocr_line' id='line_1_21' title="bbox 268 2653 1433 2740; baseline 0.002 -22"><span class='ocrx_word' id='word_1_153' title='bbox 268 2653 457 2733; x_wconf 84' lang='lat' dir='ltr'>dicionibus,</span> <span class='ocrx_word' id='word_1_154' title='bbox 482 2653 596 2736; x_wconf 86' lang='lat' dir='ltr'>quibus</span> <span class='ocrx_word' id='word_1_155' title='bbox 619 2653 682 2737; x_wconf 83' lang='lat' dir='ltr'>ipsi</span> <span class='ocrx_word' id='word_1_156' title='bbox 705 2655 754 2733; x_wconf 82' lang='lat' dir='ltr'>uei</span> <span class='ocrx_word' id='word_1_157' title='bbox 779 2654 889 2736; x_wconf 79' lang='lat' dir='ltr'>simne,</span> <span class='ocrx_word' id='word_1_158' title='bbox 914 2656 1005 2720; x_wconf 85' lang='lat' dir='ltr'>etiam</span> <span class='ocrx_word' id='word_1_159' title='bbox 1032 2653 1129 2720; x_wconf 88' lang='lat' dir='ltr'>multo</span> <span class='ocrx_word' id='word_1_160' title='bbox 1145 2657 1289 2736; x_wconf 84' lang='lat' dir='ltr'>graviore</span> <span class='ocrx_word' id='word_1_161' title='bbox 1303 2661 1433 2740; x_wconf 83' lang='lat' dir='ltr'>peccata</span> 
     </span>
     <span class='ocr_line' id='line_1_22' title="bbox 268 2765 518 2848; baseline -0.008 -17"><span class='ocrx_word' id='word_1_162' title='bbox 268 2765 391 2830; x_wconf 89' lang='lat' dir='ltr'>admitti</span> <span class='ocrx_word' id='word_1_163' title='bbox 413 2784 518 2848; x_wconf 83' lang='lat' dir='ltr'>posse.</span> 
     </span>
    </p>

    <p class='ocr_par' dir='ltr' id='par_1_5' title="bbox 266 2874 1433 3736">
     <span class='ocr_line' id='line_1_23' title="bbox 352 2874 1430 2957; baseline -0.002 -15"><span class='ocrx_word' id='word_1_164' title='bbox 352 2876 430 2942; x_wconf 84' lang='lat' dir='ltr'>Cum</span> <span class='ocrx_word' id='word_1_165' title='bbox 454 2882 556 2942; x_wconf 85' lang='lat' dir='ltr'>autem</span> <span class='ocrx_word' id='word_1_166' title='bbox 580 2879 612 2938; x_wconf 90' lang='lat' dir='ltr'>in</span> <span class='ocrx_word' id='word_1_167' title='bbox 637 2874 733 2939; x_wconf 77' lang='lat' dir='ltr'>altero</span> <span class='ocrx_word' id='word_1_168' title='bbox 758 2877 929 2941; x_wconf 79' lang='lat' dir='ltr'>carminum</span> <span class='ocrx_word' id='word_1_169' title='bbox 946 2897 1060 2957; x_wconf 83' lang='lat' dir='ltr'>genere</span> <span class='ocrx_word' id='word_1_170' title='bbox 1076 2885 1336 2942; x_wconf 87' lang='lat' dir='ltr'>commemoretur</span> <span class='ocrx_word' id='word_1_171' title='bbox 1359 2883 1430 2941; x_wconf 84' lang='lat' dir='ltr'>tan-</span> 
     </span>
     <span class='ocr_line' id='line_1_24' title="bbox 266 2986 1429 3071; baseline -0.003 -18"><span class='ocrx_word' id='word_1_172' title='bbox 266 2987 427 3053; x_wconf 91' lang='lat' dir='ltr'>tummodo</span> <span class='ocrx_word' id='word_1_173' title='bbox 450 2987 640 3071; x_wconf 85' lang='lat' dir='ltr'>triumphus,</span> <span class='ocrx_word' id='word_1_174' title='bbox 664 2987 696 3050; x_wconf 90' lang='lat' dir='ltr'>in</span> <span class='ocrx_word' id='word_1_175' title='bbox 721 2986 816 3050; x_wconf 86' lang='lat' dir='ltr'>altero</span> <span class='ocrx_word' id='word_1_176' title='bbox 840 2988 900 3050; x_wconf 86' lang='lat' dir='ltr'>iam</span> <span class='ocrx_word' id='word_1_177' title='bbox 926 3007 1050 3055; x_wconf 80' lang='lat' dir='ltr'>carmen</span> <span class='ocrx_word' id='word_1_178' title='bbox 1073 2988 1112 3053; x_wconf 90' lang='lat' dir='ltr'>de</span> <span class='ocrx_word' id='word_1_179' title='bbox 1128 3009 1165 3052; x_wconf 88' lang='lat' dir='ltr'>eo</span> <span class='ocrx_word' id='word_1_180' title='bbox 1181 2988 1341 3053; x_wconf 88' lang='lat' dir='ltr'>conditum</span> <span class='ocrx_word' id='word_1_181' title='bbox 1359 3007 1429 3051; x_wconf 88' lang='lat' dir='ltr'>esse</span> 
     </span>
     <span class='ocr_line' id='line_1_25' title="bbox 268 3097 1426 3184; baseline -0.001 -22"><span class='ocrx_word' id='word_1_182' title='bbox 268 3097 480 3183; x_wconf 85' lang='lat' dir='ltr'>praedicetur,</span> <span class='ocrx_word' id='word_1_183' title='bbox 504 3117 565 3165; x_wconf 87' lang='lat' dir='ltr'>noe</span> <span class='ocrx_word' id='word_1_184' title='bbox 590 3098 658 3162; x_wconf 85' lang='lat' dir='ltr'>eine</span> <span class='ocrx_word' id='word_1_185' title='bbox 681 3097 902 3182; x_wconf 87' lang='lat' dir='ltr'>probabilitate</span> <span class='ocrx_word' id='word_1_186' title='bbox 925 3099 1026 3164; x_wconf 89' lang='lat' dir='ltr'>conici</span> <span class='ocrx_word' id='word_1_187' title='bbox 1051 3105 1164 3184; x_wconf 82' lang='lat' dir='ltr'>potest,</span> <span class='ocrx_word' id='word_1_188' title='bbox 1188 3098 1318 3164; x_wconf 81' lang='lat' dir='ltr'>aiterum</span> <span class='ocrx_word' id='word_1_189' title='bbox 1337 3098 1426 3162; x_wconf 90' lang='lat' dir='ltr'>alteri</span> 
     </span>
     <span class='ocr_line' id='line_1_26' title="bbox 270 3207 1430 3293; baseline 0.001 -21"><span class='ocrx_word' id='word_1_190' title='bbox 270 3214 411 3293; x_wconf 88' lang='lat' dir='ltr'>tempore</span> <span class='ocrx_word' id='word_1_191' title='bbox 435 3207 629 3275; x_wconf 78' lang='lat' dir='ltr'>antecedere.</span> <span class='ocrx_word' id='word_1_192' title='bbox 675 3207 750 3274; x_wconf 88' lang='lat' dir='ltr'>Nam</span> <span class='ocrx_word' id='word_1_193' title='bbox 775 3209 923 3274; x_wconf 76' lang='lat' dir='ltr'>carminis</span> <span class='ocrx_word' id='word_1_194' title='bbox 951 3211 1012 3274; x_wconf 82' lang='lat' dir='ltr'>iem</span> <span class='ocrx_word' id='word_1_195' title='bbox 1043 3209 1117 3274; x_wconf 89' lang='lat' dir='ltr'>editi</span> <span class='ocrx_word' id='word_1_196' title='bbox 1141 3211 1329 3278; x_wconf 86' lang='lat' dir='ltr'>mentionem</span> <span class='ocrx_word' id='word_1_197' title='bbox 1355 3229 1430 3273; x_wconf 92' lang='lat' dir='ltr'>con-</span> 
     </span>
     <span class='ocr_line' id='line_1_27' title="bbox 271 3317 1427 3403; baseline -0.001 -19"><span class='ocrx_word' id='word_1_198' title='bbox 271 3318 352 3384; x_wconf 87' lang='lat' dir='ltr'>sulto</span> <span class='ocrx_word' id='word_1_199' title='bbox 376 3319 524 3383; x_wconf 86' lang='lat' dir='ltr'>omissam</span> <span class='ocrx_word' id='word_1_200' title='bbox 549 3338 703 3384; x_wconf 81' lang='lat' dir='ltr'>essenon</span> <span class='ocrx_word' id='word_1_201' title='bbox 727 3319 896 3384; x_wconf 76' lang='lat' dir='ltr'>verisimile</span> <span class='ocrx_word' id='word_1_202' title='bbox 920 3321 1021 3383; x_wconf 88' lang='lat' dir='ltr'>estin</span> <span class='ocrx_word' id='word_1_203' title='bbox 1046 3318 1178 3403; x_wconf 84' lang='lat' dir='ltr'>epistola</span> <span class='ocrx_word' id='word_1_204' title='bbox 1200 3318 1288 3401; x_wconf 84' lang='grc' dir='ltr'>ΙΙΙ,3</span> <span class='ocrx_word' id='word_1_205' title='bbox 1311 3320 1350 3384; x_wconf 90' lang='lat' dir='ltr'>ad</span> <span class='ocrx_word' id='word_1_206' title='bbox 1366 3317 1427 3384; x_wconf 81' lang='lat' dir='ltr'>Fa-</span> 
     </span>
     <span class='ocr_line' id='line_1_28' title="bbox 271 3428 1432 3518; baseline 0 -24"><span class='ocrx_word' id='word_1_207' title='bbox 271 3428 357 3497; x_wconf 91' lang='lat' dir='ltr'>bium</span> <span class='ocrx_word' id='word_1_208' title='bbox 380 3434 413 3496; x_wconf 90' lang='lat' dir='ltr'>et</span> <span class='ocrx_word' id='word_1_209' title='bbox 435 3431 619 3515; x_wconf 84' lang='lat' dir='ltr'>praesertim</span> <span class='ocrx_word' id='word_1_210' title='bbox 643 3430 913 3515; x_wconf 76' lang='lat' dir='ltr'>inepistolel[,1</span> <span class='ocrx_word' id='word_1_211' title='bbox 939 3431 977 3494; x_wconf 89' lang='lat' dir='ltr'>ad</span> <span class='ocrx_word' id='word_1_212' title='bbox 1002 3429 1221 3518; x_wconf 78' lang='lat' dir='ltr'>Germanicum</span> <span class='ocrx_word' id='word_1_213' title='bbox 1244 3432 1353 3510; x_wconf 81' lang='lat' dir='ltr'>missa,</span> <span class='ocrx_word' id='word_1_214' title='bbox 1378 3431 1432 3515; x_wconf 91' lang='lat' dir='ltr'>qui</span> 
     </span>
     <span class='ocr_line' id='line_1_29' title="bbox 272 3541 1433 3627; baseline 0 -21"><span class='ocrx_word' id='word_1_215' title='bbox 272 3546 407 3626; x_wconf 85' lang='lat' dir='ltr'>quantus</span> <span class='ocrx_word' id='word_1_216' title='bbox 425 3541 525 3613; x_wconf 85' lang='lat' dir='ltr'>¹fuerit</span> <span class='ocrx_word' id='word_1_217' title='bbox 547 3542 668 3625; x_wconf 87' lang='lat' dir='ltr'>etipse</span> <span class='ocrx_word' id='word_1_218' title='bbox 691 3547 786 3626; x_wconf 76' lang='lat' dir='ltr'>poeta</span> <span class='ocrx_word' id='word_1_219' title='bbox 808 3547 839 3609; x_wconf 86' lang='lat' dir='ltr'>et</span> <span class='ocrx_word' id='word_1_220' title='bbox 860 3547 1022 3627; x_wconf 68' lang='lat' dir='ltr'>poetarum</span> <span class='ocrx_word' id='word_1_221' title='bbox 1040 3541 1310 3609; x_wconf 83' lang='lat' dir='ltr'>cultornouimus.</span> <span class='ocrx_word' id='word_1_222' title='bbox 1345 3541 1433 3619; x_wconf 83' lang='lat' dir='ltr'>Quae</span> 
     </span>
     <span class='ocr_line' id='line_1_30' title="bbox 268 3651 1045 3736; baseline -0.005 -14"><span class='ocrx_word' id='word_1_223' title='bbox 268 3658 376 3722; x_wconf 74' lang='lat' dir='ltr'>autem</span> <span class='ocrx_word' id='word_1_224' title='bbox 399 3653 431 3718; x_wconf 88' lang='lat' dir='ltr'>iu</span> <span class='ocrx_word' id='word_1_225' title='bbox 455 3651 514 3716; x_wconf 89' lang='lat' dir='ltr'>hoc</span> <span class='ocrx_word' id='word_1_226' title='bbox 536 3653 674 3722; x_wconf 63' lang='lat' dir='ltr'>‹fermine</span> <span class='ocrx_word' id='word_1_227' title='bbox 697 3652 843 3734; x_wconf 83' lang='lat' dir='ltr'>leguntur</span> <span class='ocrx_word' id='word_1_228' title='bbox 865 3674 892 3716; x_wconf 86' lang='lat' dir='ltr'>v.</span> <span class='ocrx_word' id='word_1_229' title='bbox 916 3653 957 3716; x_wconf 82' lang='lat'>63</span> <span class='ocrx_word' id='word_1_230' title='bbox 980 3673 1045 3736; x_wconf 87' lang='lat' dir='ltr'>sq:</span> 
     </span>
    </p>

    <p class='ocr_par' dir='ltr' id='par_1_6' title="bbox 420 3764 1418 3946">
     <span class='ocr_line' id='line_1_31' title="bbox 420 3764 1418 3846; baseline 0.006 -20"><span class='ocrx_word' id='word_1_231' title='bbox 420 3764 512 3828; x_wconf 89' lang='lat' dir='ltr'>Hunc</span> <span class='ocrx_word' id='word_1_232' title='bbox 533 3783 659 3846; x_wconf 91' lang='lat' dir='ltr'>quoque</span> <span class='ocrx_word' id='word_1_233' title='bbox 680 3765 876 3828; x_wconf 83' lang='lat' dir='ltr'>carminibus</span> <span class='ocrx_word' id='word_1_234' title='bbox 898 3767 1031 3830; x_wconf 88' lang='lat' dir='ltr'>referam</span> <span class='ocrx_word' id='word_1_235' title='bbox 1052 3767 1187 3831; x_wconf 81' lang='lat' dir='ltr'>fortasse</span> <span class='ocrx_word' id='word_1_236' title='bbox 1209 3767 1418 3846; x_wconf 86' lang='lat' dir='ltr'>triumphum,</span> 
     </span>
     <span class='ocr_line' id='line_1_32' title="bbox 470 3869 1136 3946; baseline 0.002 -8"><span class='ocrx_word' id='word_1_237' title='bbox 470 3875 615 3946; x_wconf 86' lang='lat' dir='ltr'>Sufficiet</span> <span class='ocrx_word' id='word_1_238' title='bbox 636 3876 755 3940; x_wconf 82' lang='lat' dir='ltr'>nostrie</span> <span class='ocrx_word' id='word_1_239' title='bbox 779 3876 806 3938; x_wconf 88' lang='lat' dir='ltr'>ai</span> <span class='ocrx_word' id='word_1_240' title='bbox 828 3876 922 3938; x_wconf 87' lang='lat' dir='ltr'>modo</span> <span class='ocrx_word' id='word_1_241' title='bbox 944 3877 1012 3940; x_wconf 84' lang='lat' dir='ltr'>vita</span> <span class='ocrx_word' id='word_1_242' title='bbox 1032 3869 1136 3942; x_wconf 78' lang='lat' dir='ltr'>maiis,</span> 
     </span>
    </p>

    <p class='ocr_par' dir='ltr' id='par_1_7' title="bbox 270 3985 1434 4071">
     <span class='ocr_line' id='line_1_33' title="bbox 270 3985 1434 4071; baseline -0.003 -18"><span class='ocrx_word' id='word_1_243' title='bbox 270 3986 384 4070; x_wconf 90' lang='lat' dir='ltr'>quibus</span> <span class='ocrx_word' id='word_1_244' title='bbox 408 3985 589 4056; x_wconf 81' lang='lat' dir='ltr'>Germanici</span> <span class='ocrx_word' id='word_1_245' title='bbox 612 4005 737 4070; x_wconf 86' lang='lat' dir='ltr'>quoque</span> <span class='ocrx_word' id='word_1_246' title='bbox 764 3985 957 4071; x_wconf 86' lang='lat' dir='ltr'>triumphum</span> <span class='ocrx_word' id='word_1_247' title='bbox 986 4006 1061 4054; x_wconf 85' lang='lat' dir='ltr'>ase</span> <span class='ocrx_word' id='word_1_248' title='bbox 1082 3986 1273 4054; x_wconf 85' lang='lat' dir='ltr'>celebratum</span> <span class='ocrx_word' id='word_1_249' title='bbox 1296 3987 1336 4050; x_wconf 89' lang='lat' dir='ltr'>iri</span> <span class='ocrx_word' id='word_1_250' title='bbox 1358 4005 1434 4071; x_wconf 90' lang='lat' dir='ltr'>pro-</span> 
     </span>
    </p>

    <p class='ocr_par' dir='ltr' id='par_1_8' title="bbox 270 4095 1426 4183">
     <span class='ocr_line' id='line_1_34' title="bbox 270 4095 1426 4183; baseline 0 -21"><span class='ocrx_word' id='word_1_251' title='bbox 270 4097 376 4164; x_wconf 87' lang='lat' dir='ltr'>fitetur</span> <span class='ocrx_word' id='word_1_252' title='bbox 397 4101 502 4183; x_wconf 73' lang='lat' dir='ltr'>poeta,</span> <span class='ocrx_word' id='word_1_253' title='bbox 526 4101 561 4163; x_wconf 87' lang='lat' dir='ltr'>ut</span> <span class='ocrx_word' id='word_1_254' title='bbox 572 4096 691 4162; x_wconf 89' lang='lat' dir='ltr'>Tiberii</span> <span class='ocrx_word' id='word_1_255' title='bbox 714 4098 776 4162; x_wconf 91' lang='lat' dir='ltr'>iam</span> <span class='ocrx_word' id='word_1_256' title='bbox 799 4095 978 4164; x_wconf 71' lang='lat' dir='ltr'>celebratus</span> <span class='ocrx_word' id='word_1_257' title='bbox 991 4098 1044 4179; x_wconf 83' lang='lat' dir='ltr'>sit,</span> <span class='ocrx_word' id='word_1_258' title='bbox 1066 4117 1129 4162; x_wconf 87' lang='lat' dir='ltr'>non</span> <span class='ocrx_word' id='word_1_259' title='bbox 1147 4103 1291 4183; x_wconf 84' lang='lat' dir='ltr'>spectant</span> <span class='ocrx_word' id='word_1_260' title='bbox 1309 4097 1348 4162; x_wconf 88' lang='lat' dir='ltr'>ad</span> <span class='ocrx_word' id='word_1_261' title='bbox 1365 4097 1426 4162; x_wconf 89' lang='lat' dir='ltr'>sin·</span> 
     </span>
    </p>

    <p class='ocr_par' dir='ltr' id='par_1_9' title="bbox 270 4207 1433 4296">
     <span class='ocr_line' id='line_1_35' title="bbox 270 4207 1433 4296; baseline 0.001 -23"><span class='ocrx_word' id='word_1_262' title='bbox 270 4208 378 4292; x_wconf 83' lang='lat' dir='ltr'>gulare</span> <span class='ocrx_word' id='word_1_263' title='bbox 393 4207 471 4278; x_wconf 90' lang='lat' dir='ltr'>iilud</span> <span class='ocrx_word' id='word_1_264' title='bbox 487 4228 612 4274; x_wconf 87' lang='lat' dir='ltr'>carmen</span> <span class='ocrx_word' id='word_1_265' title='bbox 628 4213 740 4296; x_wconf 84' lang='lat' dir='ltr'>postea</span> <span class='ocrx_word' id='word_1_266' title='bbox 754 4208 882 4276; x_wconf 87' lang='lat' dir='ltr'>Romam</span> <span class='ocrx_word' id='word_1_267' title='bbox 900 4209 1044 4294; x_wconf 77' lang='lat' dir='ltr'>missum,</span> <span class='ocrx_word' id='word_1_268' title='bbox 1069 4209 1125 4276; x_wconf 84' lang='lat' dir='ltr'>sed</span> <span class='ocrx_word' id='word_1_269' title='bbox 1143 4209 1182 4274; x_wconf 86' lang='lat' dir='ltr'>ad</span> <span class='ocrx_word' id='word_1_270' title='bbox 1198 4208 1324 4275; x_wconf 88' lang='lat' dir='ltr'>brevem</span> <span class='ocrx_word' id='word_1_271' title='bbox 1348 4207 1433 4274; x_wconf 90' lang='lat' dir='ltr'>illam</span> 
     </span>
    </p>
   </div>
   <div class='ocr_carea' id='block_1_5' title="bbox 0 0 1609 5012">
    <p class='ocr_par' dir='ltr' id='par_1_10' title="bbox 0 0 1609 5012">
     <span class='ocr_line' id='line_1_36' title="bbox 0 0 1609 5012; baseline 0 0"><span class='ocrx_word' id='word_1_272' title='bbox 0 0 1609 5012; x_wconf 95' lang='lat' dir='ltr'> </span> 
     </span>
    </p>
   </div>
  </div>
 </body>
</html>
