3178 5018
769 376 975 440 „50-

289 558 342 629 ille
365 560 497 643 ,doctus
519 560 654 626 Beuum
677 565 971 627 commemoraretur
1004 559 1041 644 (l,
1067 563 1095 642 l,
1119 560 1184 644 24),
1218 560 1306 630 cuius
1331 581 1445 628 nomen

292 669 398 738 Silano
422 671 527 740 datum
552 692 621 738 esse
642 670 689 737 illi
712 670 911 739 contendunt.
943 659 1094 737 ¹Attamen
1116 671 1148 738 in
1179 677 1359 738 transcursu
1382 679 1451 740 tan-

290 787 355 848 tum
382 781 449 858 eius
472 783 590 858 mantio
612 781 657 858 lit.
701 781 841 858 Silanum
864 783 961 865 igitur
980 783 1097 854 frustra
1116 781 1225 849 avitis
1242 782 1344 848 doctis
1359 803 1452 850 vexa·

294 898 359 958 tum
383 913 453 972 esse
477 891 676 960 statuendum
700 898 756 962 est.
1248 957 1251 962 .

377 1002 464 1080 Quae
488 1023 557 1069 cum
580 1003 624 1068 ita
647 1004 720 1085 sint,
744 1003 776 1069 in
800 1004 846 1069 eis
868 1003 961 1070 nobis
984 1004 1245 1088 acquiescendum
1274 1007 1333 1084 est,
1372 1023 1452 1088 quae

292 1113 362 1199 ipse
385 1112 516 1194 Ovidius
539 1112 579 1190 de
601 1113 697 1180 Bruto
720 1113 858 1180 tradidit.
904 1113 990 1192 Quae
1010 1117 1203 1207 paucissima
1218 1116 1266 1182 bis
1283 1134 1450 1200 possumus

293 1224 471 1309 complecti:
495 1224 569 1290 Fuit
590 1225 639 1290 vir
661 1223 839 1308 eloquentia
864 1226 998 1308 insignis
1028 1232 1060 1294 et
1073 1229 1105 1294 in
1122 1226 1256 1308 negotiis
1271 1225 1450 1291 forensibus

295 1327 426 1399 multum
452 1315 605 1417 versatus,
629 1335 682 1420 qui
705 1341 811 1401 tamen
833 1355 852 1400 a
873 1355 906 1402 re
922 1336 1048 1422 publica
1062 1338 1199 1420 geronda
1214 1337 1338 1404 videtur
1352 1337 1451 1401 fnisse

294 1444 424 1512 alienus.
471 1445 686 1514 Oum0vidio
710 1445 831 1513 diutina
864 1435 1083 1532 artissimaque
1110 1449 1250 1516 amicitia
1277 1454 1343 1513 erat
1376 1465 1451 1511 oon-

294 1557 433 1638 iunotus‚
456 1557 502 1622 ita
522 1564 567 1640 ut,
592 1577 653 1642 qua
675 1565 741 1623 erat
763 1558 859 1624 animi
876 1558 1062 1642 lenitudine,
1085 1581 1119 1624 re
1142 1561 1274 1628 adversa
1294 1558 1453 1624 incidente

295 1686 396 1753 paone
419 1687 517 1752 aeque
539 1669 784 1752 perturbaretur,
808 1677 900 1753 atque
922 1672 992 1755 ipse
1014 1677 1116 1757 poeta.
1151 1671 1215 1738 Neo
1229 1677 1333 1736 tumen
1347 1689 1453 1735 amore

295 1779 363 1844 aius
387 1799 421 1844 se
444 1778 611 1859 abdicavit,
635 1781 730 1844 immo
754 1781 847 1845 etiam
870 1781 972 1863 magis
995 1781 1198 1847 confirmatus
1222 1787 1278 1848 est.
1320 1780 1454 1846 Maxime

295 1897 397 1955 autem
422 1890 549 1972 ingenio
572 1893 688 1956 exsulis
698 1897 815 1976 'podiae
830 1893 916 1970 favit,
929 1893 972 1956 ita
993 1897 1029 1958 ut
1044 1894 1071 1957 is
1087 1899 1118 1958 et
1132 1899 1251 1978 partem
1268 1893 1452 1972 carminum,

296 2020 375 2085 quae
391 2001 431 2066 ad
447 2022 504 2067 nos
521 2010 741 2087 pervenerunt,
766 2003 794 2068 ei
808 1999 954 2080 mitteret,
972 2008 1004 2069 et
1019 2003 1104 2068 aliud
1117 2022 1242 2068 carmen
1254 2003 1292 2067 da
1309 1999 1452 2084 Angusto

297 2121 418 2190 mortuo
442 2113 649 2198 compositum
674 2115 803 2198 propria
825 2114 959 2199 epistola
981 2115 1008 2180 ei
1032 2101 1267 2193 commendaret
1287 2117 1320 2179 et
1342 2112 1454 2178 abillo

295 2224 409 2288 certior
430 2222 532 2303 fieret,
557 2243 691 2308 quonam
714 2224 807 2290 modo
830 2226 969 2311 carmina
995 2245 1053 2292 sua
1073 2224 1189 2290 Romae
1212 2224 1250 2290 ab
1274 2223 1454 2289 hominibus

293 2335 518 2418 reciperentur.
564 2333 647 2412 Quin
670 2335 788 2401 Brutus
810 2356 844 2400 re
866 2356 940 2400 vera
961 2337 1137 2422 appellatus
1154 2337 1205 2415 sit,
1229 2335 1367 2400 dubitari
1390 2355 1455 2400 non

294 2450 411 2529 potest,
435 2465 624 2528 quamquam
647 2443 814 2524 dolendum
839 2454 896 2532 est,
918 2447 1002 2531 quod
1025 2447 1206 2531 ceteroquin
1230 2467 1246 2512 e
1268 2467 1373 2513 rarum
1389 2467 1455 2512 me·

296 2556 399 2622 moria
421 2553 513 2639 plane
537 2557 707 2620 exstinctus
730 2561 788 2622 est.

381 2665 448 2731 [lna
470 2673 574 2731 autem
609 2672 706 2732 restat
732 2667 793 2744 via,
814 2687 885 2751 ,qua
912 2669 1071 2754 progressi
1094 2669 1226 2734 fortasse
1250 2667 1342 2753 paulo
1366 2667 1457 2753 plura

294 2777 333 2843 de
357 2771 424 2842 hoo
439 2777 505 2842 viro
529 2778 704 2860 poterimus
728 2796 924 2860 cognoscere.
979 2779 1055 2844 Nam
1084 2780 1111 2844 si
1135 2779 1236 2844 eidem
1260 2799 1277 2843 e
1300 2777 1453 2844 Tristium

295 2909 419 2973 quoquc
441 2887 530 2954 libris
554 2889 693 2953 earmina
726 2889 876 2955 nonnulla
903 2890 1000 2956 missa
1023 2910 1092 2956 esse
1114 2889 1237 2956 idoneis
1261 2891 1452 2970 argumentis

295 3000 417 3076 ostendi
441 3000 566 3084 poterit,
591 3019 670 3084 quae
695 3021 731 3064 ex
755 3000 803 3065 his
826 3001 909 3066 nacti
932 3002 1062 3081 erimus,
1085 3001 1125 3066 ud
1148 2997 1194 3080 ea,
1220 3013 1299 3083 quae
1322 3021 1339 3064 e
1361 2999 1452 3064 libris

294 3109 434 3176 Ponticis
468 3109 637 3176 didicimus
671 3110 894 3192 confirmanda,
927 3117 962 3176 ut
989 3112 1169 3176 cautissime
1196 3110 1383 3191 adhibenda,
1408 3112 1452 3174 ita

294 3242 357 3286 non
380 3221 473 3306 plane
494 3220 619 3287 inutilia
636 3228 740 3286 erunt.
779 3207 944 3288 Praeterea
970 3240 1083 3307 operae
1110 3221 1244 3305 pretium
1273 3227 1330 3302 est,
1359 3241 1450 3305 quae·

296 3335 442 3414 ationem,
467 3354 546 3418 quae
580 3339 628 3399 est
649 3333 688 3398 de
711 3335 879 3399 amicorum
907 3335 939 3399 in
964 3332 1069 3398 Ovidii
1092 3329 1248 3399 Tristibus
1271 3333 1415 3417 personis
1438 3353 1456 3396 a

295 3444 464 3511 Louentzio
487 3465 589 3530 nuper
611 3445 801 3526 institutam,
824 3446 856 3511 in
876 3465 913 3509 ea
928 3449 1018 3532 parte
1034 3449 1213 3526 retractare,
1237 3463 1316 3527 quae
1332 3450 1457 3527 praeter

298 3563 417 3622 ceteras
453 3576 555 3640 neque
594 3576 666 3641 spes
704 3555 800 3622 habet
833 3556 972 3636 exiguas,
1006 3575 1107 3639 neque
1135 3553 1227 3640 plane
1251 3574 1269 3618 a
1289 3552 1455 3620 Lorentzio

296 3667 419 3734 videtur
441 3687 511 3734 esse
534 3667 684 3734 absoluta.
956 3749 958 3753 Ι

310 3793 311 3799 ’
379 3778 584 3844 Inveniuntur
611 3784 713 3845 autem
741 3779 859 3863 passim
888 3777 920 3841 in
948 3775 1098 3842 Tristium
1125 3776 1214 3842 libris
1244 3777 1385 3841 carmina
1411 3775 1451 3840 ad

294 3889 511 3956 fidelissimum
539 3890 674 3956 amicum
697 3889 810 3970 missa,
839 3888 951 3972 quibus
974 3908 1074 3972 paene
1096 3907 1159 3952 non
1182 3887 1302 3968 agitur,
1333 3887 1394 3951 nisi
1417 3886 1456 3950 dc

296 3993 488 4092 carminibus
518 4000 651 4065 diversis
677 3999 871 4085 temporibus
898 3999 1098 4084 compositis,
1127 3997 1166 4062 dc
1194 3998 1320 4078 iugenio
1345 4002 1456 4083 poetae

295 4110 397 4192 longis
420 4109 580 4176 laboribus
602 4110 786 4190 imminuto,
815 4109 853 4174 de
877 4110 1036 4175 bominum
1061 4108 1190 4188 studiis,
1221 4108 1335 4192 quibus
1358 4093 1455 4172 exulis

295 4227 408 4309 poetae
424 4222 563 4287 carmina
578 4212 782 4306 excipiantur.
805 4257 847 4268 -
861 4219 990 4286 Initium
1006 4219 1157 4285 iaciamus
1180 4219 1218 4286 ab
1241 4219 1300 4299 eis,
1324 4219 1362 4283 de
1387 4219 1455 4302 qui-

297 4333 355 4398 bus
371 4334 485 4400 certium
502 4332 634 4400 iudicari
655 4336 770 4418 potest,
794 4332 840 4398 ita
864 4337 897 4396 ut
918 4331 957 4396 ad
981 4336 1100 4398 ceteras
1124 4329 1223 4396 auctis
1246 4328 1453 4394 ratiocinandi
