3178 5018
737 355 945 428 '‘llo‘'

341 550 398 616 Sin
421 550 668 634 consideramus,
685 572 722 616 ca
744 551 929 636 plerumque
952 551 1074 616 rationo
1097 549 1339 636 ascriptoribus
1363 549 1419 614 ad·

257 661 357 726 biberi
381 661 510 727 verbnm
535 662 679 745 „modo”‚
713 671 748 752 ut
772 663 961 747 respiciatur
998 661 1037 726 ad
1060 660 1165 730 locum·
1186 662 1333 746 aliquem,
1368 662 1424 745 qni

257 773 289 837 in
313 773 422 838 eodem
446 793 542 859 opere
568 772 661 858 paulo
696 773 866 854 antecedit,
903 786 1003 857 paene
1036 792 1269 858 permovemur,
1307 779 1343 837 ut
1376 771 1427 838 bic

107 885 108 894 ’
156 953 159 968 ,
258 903 383 967 quoque
405 884 510 949 animo
545 883 656 950 saltem
689 889 801 969 poetae
835 884 897 948 iam
931 883 1127 953 obversatam
1160 903 1229 949 esse
1253 889 1427 950 statuamus

258 1014 325 1058 eam
350 995 382 1058 in
405 994 485 1060 libro
510 1002 619 1079 quarto
643 996 816 1062 carminum
845 995 1100 1080 dispositionem,
1136 1012 1216 1079 quae
1244 994 1336 1060 nobis
1360 1015 1427 1060 ser·

259 1114 331 1170 vata
353 1113 411 1171 est.
455 1105 519 1172 Sed
542 1126 612 1172 cum
637 1107 731 1173 etiam
754 1105 821 1171 lieri
845 1107 995 1191 potuerit,
1024 1114 1059 1172 ut
1086 1125 1201 1187 genere
1223 1104 1277 1170 illo
1301 1104 1427 1171 dicendi

260 1215 391 1282 alterum
415 1237 542 1282 carmen
574 1217 613 1282 ab
654 1216 750 1282 altero
784 1235 848 1282 non
882 1213 950 1282 loco
974 1216 1029 1282 sod
1051 1220 1195 1301 tempore
1218 1222 1340 1284 tantum
1364 1235 1427 1281 non

259 1326 392 1393 multum
427 1327 545 1394 distare
585 1327 820 1408 significatam),
860 1333 977 1394 certum
1012 1327 1164 1398 iudicium
1204 1325 1272 1393 lieri
1310 1327 1420 1410 nequit

260 1437 470 1515 Quamobrem
494 1439 602 1504 relicta
626 1437 809 1524 quaestione
831 1437 1153 1520 admodum‘lubrica,
1177 1431 1426 1520 ad'singulorum

201 1551 203 1554 ’
262 1553 436 1645 carminum
459 1557 603 1635 tempora
624 1549 804 1632 indaganda
825 1539 1057 1616 transeamus(
1134 1581 1136 1586 v

346 1661 458 1726 Primo
476 1669 579 1726 autem
602 1660 670 1726 loco
694 1661 849 1742 agendum
870 1669 918 1726 est
932 1661 971 1726 de
987 1661 1080 1726 certis
1096 1669 1272 1746 temporum
1288 1659 1427 1742 indiciis,

262 1793 395 1857 quorum
411 1793 568 1838 numerus
592 1771 690 1837 multo
706 1773 808 1838 maior
824 1779 882 1853 est,
899 1791 991 1856 quam
1007 1773 1040 1836 in
1056 1771 1314 1838 antecedentibus
1329 1770 1428 1838 libris.

261 1883 331 1961 Qua
354 1885 476 1972 ratione
500 1883 577 1948 hacc
599 1883 747 1949 constitui
771 1892 912 1967 possunt.

348 1995 490 2080 Epistola
513 2002 623 2078 quarta
645 1994 684 2059 ad
708 1993 741 2062 S.
765 1993 950 2079 Pompeium
985 1994 1084 2059 missa
1115 1999 1174 2074 est,
1198 2013 1267 2058 com
1291 1995 1428 2078 primum

147 2136 150 2144 2
262 2083 449 2191 poeta'eurn
473 2105 633 2171 consulem
657 2112 796 2172 creatum
833 2125 903 2170 esse
938 2105 1157 2189 comperisset
1181 2104 1250 2190 ipse
1273 2104 1372 2169 bonos
1395 2104 1428 2168 in

261 2216 348 2282 illum
373 2217 511 2282 nondum
536 2217 665 2282 collatus
688 2225 772 2283 esset
794 2220 836 2299 (v.
856 2219 895 2280 11
911 2219 983 2300 sq.).
1029 2216 1114 2282 ldem
1131 2235 1201 2280 curn
1218 2235 1346 2282 munere
1364 2217 1427 2280 iam

260 2329 455 2408 fungeretur,
480 2329 619 2412 quintam
643 2327 808 2413 epistolam
838 2329 961 2412 accepit
994 2333 1037 2408 (v.
1064 2329 1080 2391 1
1105 2329 1178 2411 sq.).
1225 2325 1429 2392 Consulatum

262 2447 365 2504 autem
390 2439 429 2503 ab
452 2459 488 2503 eo
512 2459 594 2503 anno
619 2439 733 2509 167114
762 2458 824 2503 una
852 2457 922 2502 cum
957 2436 989 2504 S.
1015 2436 1148 2522 Apuleio
1171 2437 1429 2503 administratum

263 2571 332 2616 esse
359 2555 482 2615 constat
505 2549 592 2632 (Tac.
609 2550 703 2614 Anm.
718 2548 741 2627 Ι,
758 2550 800 2632 l).
844 2549 952 2632 Neque
968 2549 1150 2614 dubitanter
1165 2555 1273 2614 contra
1285 2546 1429 2614 Woelffe·

153 2642 161 2724 s
261 2663 337 2728 lium
373 2665 416 2745 (p.
441 2659 537 2742 2065)
573 2661 761 2726 contendere
795 2662 909 2742 ausim,
947 2668 1115 2744 utrumque
1148 2679 1273 2726 carmen
1309 2659 1427 2735 statim,

262 2772 428 2838 occasione
463 2771 517 2836 illa
548 2771 662 2854 oblata,
697 2771 856 2837 conditum
891 2779 921 2836 et
953 2773 993 2838 ad
1022 2773 1053 2838 S.
1078 2770 1263 2858 Pompeium
1299 2771 1430 2834 missum

262 2905 342 2949 csse.
368 2921 408 2932 -
430 2882 478 2947 De
501 2891 608 2948 sertae
630 2888 734 2948 autam
757 2883 911 2968 epistolae
933 2889 1089 2969 tempore,
1115 2902 1179 2966 qua
1193 2883 1329 2963 Augusti
1345 2901 1430 2947 mors

262 2995 398 3080 primum
422 2999 697 3074 commemoratur,
721 2995 754 3059 in
778 2994 868 3059 initio
893 2993 986 3060 buius
1005 2993 1229 3079 disputationis
1245 2993 1346 3058 lucius
1362 2993 1429 3072 egi·

261 3127 341 3171 mus.
365 3143 406 3154 --
420 3105 553 3170 Deinde
576 3104 669 3191 plane
693 3104 802 3170 eadem
825 3104 865 3169 dc
888 3123 992 3182 caussa,
1019 3125 1082 3188 qua
1105 3102 1241 3188 epistola
1263 3107 1374 3188 quarto
1388 3102 1430 3168 ad

264 3217 460 3301 Pompeium,
493 3215 627 3300 epistola
660 3235 744 3281 nona
777 3215 816 3280 od
841 3215 1029 3282 Graecinum
1051 3215 1150 3280 missa
1171 3221 1219 3282 est
1242 3217 1286 3298 (v.
1309 3215 1329 3276 3
1352 3213 1427 3296 sep),

263 3348 355 3411 quem
379 3346 487 3392 mense
510 3327 600 3392 lunio
623 3326 698 3391 anni
724 3327 837 3400 tuelle
861 3325 1020 3392 consulem
1046 3323 1211 3392 suffectum
1235 3326 1430 3391 nominatum

187 3438 190 3445 ’
262 3458 332 3503 esse
356 3439 473 3503 scimus
497 3438 545 3521 (G.
569 3437 591 3505 1.
615 3436 651 3502 L.
674 3437 698 3518 1,
722 3457 752 3522 p.
769 3438 858 3520 475).
881 3473 923 3484 -
946 3437 1067 3501 Aestati
1091 3441 1197 3502 autem
1220 3435 1432 3508 1111168115

262 3548 444 3613 attribuitur
466 3549 602 3633 epistola
624 3549 747 3614 decima
769 3549 817 3614 bis
840 3548 945 3614 verbis
968 3568 995 3614 v.
1021 3550 1037 3612 1
1062 3566 1124 3632 sq.:

416 3661 476 3724 llic
497 3661 577 3724 mihi
600 3661 768 3724 Cimmerio
790 3661 841 3724 bis
863 3645 960 3724 tertia
981 3661 1109 3724 ducitur
1131 3663 1236 3724 aestas

466 3771 595 3850 littore,
618 3773 746 3851 pellitos
768 3774 851 3836 inter
873 3773 997 3850 agenda
1019 3771 1124 3836 Getas.

348 3883 443 3947 Sexta
466 3884 600 3964 denique
625 3882 735 3947 bruma
758 3894 1018 3945 commemoratur
1039 3880 1121 3960 Xlll‚
1146 3901 1173 3946 v.
1200 3881 1241 3946 39
1268 3869 1328 3964 sn:
1366 3919 1368 3927 ·

416 4045 422 4057 .
447 4045 454 4057 .
479 4045 486 4056 .
517 4045 529 4081 ,ἡ
547 4035 559 4058 ,Α
578 3997 633 4058 sed
656 4013 707 4058 mc
728 3995 808 4075 iam,
826 3995 912 4074 Care,
935 3995 1035 4058 nivali

466 4105 565 4171 Sexta
587 4109 762 4186 relegatum
786 4109 899 4171 burana
921 4108 981 4170 sub
1004 4125 1064 4170 are
1086 4107 1181 4170 videt.

262 4264 464 4274 —...--.....—-.-

336 4346 357 4412 ¹)
377 4345 424 4399 clr.
445 4345 500 4400 Cic.
520 4345 552 4398 de
570 4349 626 4399 nat.
645 4345 669 4400 d.
688 4344 811 4412 1‚21‚4c.
832 4374 861 4382 --
883 4343 926 4398 off.
945 4343 1046 4410 1,le
1065 4342 1110 4398 all.
