3178 5018
645 375 875 438 -1tt-

178 563 274 648 squ),
292 561 345 628 vix
366 561 471 648 potuit
491 560 658 647 epistolam
680 560 733 644 lv,
753 561 950 646 1411111111,
970 559 1038 628 nisi
1060 559 1153 628 editis
1176 558 1239 628 iam
1262 547 1342 624 nouss

178 673 274 746 nuliis
298 693 405 740 eorum
429 671 636 755 carminibus,
659 672 778 757 quibus.
796 672 998 742 inimicorum
1013 671 1247 776 amicorumque
1263 667 1345 737 male

168 783 319 858 'fidelium
343 784 540 852 atrocitatem
562 784 746 870 perstrinxit
767 781 851 850 uelut
873 783 971 852 Trist
993 781 1018 866 1,
1031 783 1062 865 8,
1095 781 1148 865 111,
1163 785 1212 864 11,
1246 779 1344 862 libb,

179 895 219 977 V,
233 897 262 964 8.
308 894 371 962 Sed
395 894 434 962 de
457 895 506 962 his
530 895 663 962 fortasse
685 901 810 980 poetam
834 893 976 962 consulto
996 892 1133 962 tacuisse
1147 892 1224 978 poni
1240 896 1350 977 potest
1427 929 1431 940 ·
1485 883 1488 892 '

180 1007 279 1076 nimio
303 1006 478 1092 suiipsius
502 1005 681 1100 euronsandi¹
708 1004 812 1071 studio
846 1004 1023 1090 abreptum,
1058 1023 1129 1071 cum
1153 1003 1347 1070 conminuet

110 1099 112 1106 ¹
148 1106 150 1112 ’
180 1119 290 1183 brevia
311 1117 376 1185 siut
399 1122 430 1182 et
449 1135 513 1182 non
530 1135 638 1182 omnes
662 1115 740 1185 iram
760 1115 852 1202 plane
868 1114 1091 1200 inexpiabilem
1107 1114 1238 1200 spirent.
1261 1111 1345 1190 Quid

130 1253 132 1256 ’
183 1235 286 1298 antem
311 1229 350 1295 de
372 1227 459 1294 ibide
481 1227 677 1294 indicemus?
720 1226 801 1295 Num
830 1227 968 1294 animum
996 1225 1198 1308 inducamus,
1219 1243 1345 1290 carmen

183 1338 352 1410 admodum
374 1359 533 1422 magnum,
568 1343 655 1405 tauta
687 1337 864 1422 dilipentia
892 1344 979 1404 tanta
1002 1337 1155 1418 doctrina,
1179 1341 1267 1402 tauto
1291 1334 1345 1400 de·

180 1451 276 1536 nique
299 1451 486 1532 obiurgandi
511 1451 617 1518 studio
640 1449 862 1536 compositum,
885 1447 978 1534 plane
1001 1448 1105 1516 omitti
1121 1448 1275 1535 potuisse,
1300 1447 1343 1520 si·
1434 1455 1436 1459 ’

182 1562 310 1646 quidem
332 1568 410 1643 tum,
434 1581 505 1628 cum
529 1560 663 1646 epistola
691 1559 744 1642 IV,
759 1560 799 1626 14
825 1564 1076 1645 componeretur,
1099 1559 1162 1624 iam
1185 1558 1219 1624 iu
1242 1556 1343 1624 lucem

181 1671 374 1760 prodiisset
417 1671 503 1754 Nego
526 1677 647 1739 tantum
680 1670 897 1754 neglegentiae
926 1671 1057 1753 crimen,
1079 1668 1144 1734 ulla
1164 1668 1226 1738 alia
1248 1667 1348 1754 expli·

185 1782 275 1849 caudi
300 1783 351 1848 via
372 1781 493 1864 relicta,
517 1783 628 1850 merito
663 1782 696 1847 in
731 1801 801 1848 enm
836 1787 960 1868 poetam
988 1781 1137 1861 conferri,
1160 1781 1214 1865 qui
1237 1780 1348 1867 primis

185 1892 284 1960 Ibidis
317 1893 463 1958 versibus
485 1899 549 1958 tam
573 1891 677 1978 ample
711 1892 901 1978 exposuerit,
935 1911 969 1956 se
1002 1893 1064 1956 iam
1093 1891 1350 1970 manassent

183 2002 341 2088 relinquat
362 2003 483 2070 inerme
506 2001 583 2077 illud
606 2002 839 2086 candidumque
866 2002 1040 2070 carminum
1062 2021 1174 2084 genus,
1197 2022 1257 2087 quo
1281 2002 1349 2068 solo

185 2113 286 2183 adhuc
310 2135 391 2180 usus.
409 2113 461 2182 sit.
1291 2193 1295 2200 .

270 2225 491 2302 Quaerendum
524 2224 622 2305 igitur
654 2227 712 2306 est,
746 2243 806 2308 quo
840 2228 981 2309 tempore
1014 2223 1088 2305 Ibis,
1113 2224 1198 2308 quod
1220 2223 1346 2306 dicitur,

186 2355 311 2402 carmen
334 2336 542 2422 compositum
566 2333 746 2420 editumque
769 2335 822 2414 sit,
845 2342 1011 2419 antequam
1035 2334 1074 2400 de
1097 2336 1269 2402 carminum
1284 2335 1348 2402 Tu·

187 2446 282 2512 ticeni
306 2447 433 2518 nomine
461 2445 685 2532 inscriptorum
717 2444 912 2532 temporibus
945 2445 1097 2515 iudicium
1131 2444 1200 2512 fieri
1234 2447 1348 2534 possit.

184 2553 391 2631 Undecimum
421 2563 524 2624 autem
549 2577 583 2622 se
605 2557 687 2624 vitae
708 2555 841 2626 lustrum
864 2576 957 2639 agere
980 2563 1073 2642 poeta
1095 2557 1174 2624 dicit
1195 2577 1224 2626 v.
1248 2561 1262 2622 1
1289 2578 1351 2642 squ

337 2667 477 2750 Tempus
500 2669 541 2734 ad
562 2669 631 2748 hoc,
654 2670 767 2734 lustris
788 2670 840 2736 bis
859 2671 924 2736 iam
945 2672 1025 2736 mihi
1048 2672 1189 2752 quinque
1202 2671 1351 2752 peractis,

388 2778 488 2848 Omne
509 2779 572 2844 fuit
593 2778 851 2846 Musaecarmen
873 2782 992 2847 inerma
1013 2801 1115 2848 meae.

271 2887 354 2968 Ergo
377 2889 459 2956 ultra
481 2909 622 2960 mensem
645 2888 789 2956 Martium
823 2892 898 2958 anni
923 2892 1036 2966 7116113
1058 2911 1184 2956 carmen
1206 2892 1348 2976 proferre

187 2998 362 3080 nonlicet,
384 3019 570 3086 quamquam
596 2997 759 3068 Woeldelii
783 3002 972 3069 sententiam
994 3005 1038 3088 (p.
1055 3003 1152 3084 2319)
1169 3021 1232 3070 uon
1249 3004 1351 3068 omui·

188 3110 247 3176 bus
271 3109 390 3176 viribus
418 3112 678 3196 impugnarem,
714 3113 766 3195 qui
802 3112 879 3180 adeo
914 3114 1013 3179 verba.
1035 3132 1178 3198 premere
1201 3118 1294 3190 vetat,
1318 3120 1353 3180 ut

189 3240 253 3289 non
277 3221 371 3289 etiam
395 3241 457 3291 uno
491 3242 572 3290 anno
604 3221 729 3304 longius
759 3223 929 3308 procedere
952 3223 1150 3292 concedatur.
1195 3223 1257 3290 Sed
1280 3223 1354 3290 licet
1384 3229 1385 3232 ’

194 3337 277 3398 recte
301 3331 566 3415 animadverterit,
590 3331 722 3414 eandem
744 3333 937 3400 intercedere
958 3335 1041 3402 inter
1066 3333 1134 3402 Ibin
1160 3341 1353 3420 etquattuor

192 3461 249 3525 „ex
283 3441 402 3508 Ponto'’
424 3442 522 3508 libros
552 3444 724 3526 rationem.
753 3463 846 3528 quam
880 3445 962 3510 inter
993 3445 1165 3514 secuudum
1200 3444 1352 3513 Tristium

189 3550 304 3617 librum
339 3558 372 3617 et
405 3559 536 3635 ceteros,
569 3555 721 3640 temporis
754 3554 828 3619 iude
851 3555 1002 3621 indicium
1026 3555 1143 3620 iniuria
1165 3557 1351 3641 desumpsit.

188 3665 272 3730 duta
304 3667 482 3744 Angustum
517 3670 620 3731 autem
654 3673 813 3732 mortuum
841 3683 967 3732 car-meu
988 3673 1092 3732 ortum
1114 3687 1195 3749 esse,
1219 3666 1354 3733 efficitur

190 3772 345 3840 versibus:
358 3774 505 3858 231111

340 3884 380 3948 111
403 3886 533 3951 melius!
558 3905 693 3968 quorum
715 3891 807 3970 longe
829 3891 910 3954 mihi
931 3891 1092 3955 maximus
1114 3891 1169 3954 ille
1190 3895 1249 3972 est,

395 3998 457 4073 Qut
478 4002 603 4067 nostras
627 3999 737 4080 inopes
760 4002 866 4066 noluit
886 4020 955 4066 esee
977 4003 1055 4067 vias.

215 4139 218 4160 ι
276 4106 358 4173 bide
379 4127 442 4192 qno
463 4108 666 4178 dorensmurt
701 4109 879 4195 Epistolam·
892 4110 943 4193 lv,
957 4112 999 4176 14
1012 4117 1088 4197 post
1098 4110 1220 4178 ibidem
1235 4111 1356 4180 editum

193 4215 290 4283 scribi
312 4218 455 4306 potuisse
477 4220 672 4302 negavimus.
718 4217 889 4306 Utramque
904 4221 1001 4304 igitur
1015 4221 1183 4308 epistolam
1200 4221 1352 4289 Tuticano

194 4325 322 4394 missam
346 4335 417 4396 ante
442 4350 558 4397 anunm
583 4329 702 4416 167114
734 4331 883 4418 scriptam
907 4353 976 4400 esse
999 4333 1210 4420 consequitur.
1255 4333 1355 4414 Quam
