3142 5008
589 736 815 828 terrenae
841 735 1138 850 opntroeersae.

274 1099 310 1159 v1.
345 1085 452 1160 Horat.
475 1095 500 1176 Ι,
515 1097 619 1176 29,14
643 1097 856 1177 ,Socraticam
880 1097 1025 1160 domum”
1043 1083 1109 1160 'non
1132 1097 1170 1161 de
1191 1075 1327 1162 familia
1345 1097 1452 1180 aliqua
1532 1073 1533 1084 ἵ

346 1205 616 1288 philosophorum,
653 1210 690 1270 ut
722 1207 865 1288 plerique
898 1211 1037 1288 censent,
1074 1208 1129 1270 sed
1160 1207 1198 1271 de
1226 1199 1337 1288 do'mo,
1354 1189 1451 1271 'euius'

346 1319 494 1381 dominus
515 1317 736 1400 philosophiae
758 1317 865 1381 studio
884 1317 1020 1396 insignis
1036 1320 1094 1398 est,
1112 1317 1368 1398 intellegendam
1388 1309 1452 1381 esse

345 1421 509 1494 contendo.
568 1415 570 1422 ’

282 1531 310 1634 ²²}-
345 1540 416 1604 Non
449 1539 534 1604 reete
561 1539 700 1604 Kornius
731 1541 824 1622 (Mus.
848 1539 945 1604 Rhen.
969 1537 1069 1619 XXII,
1097 1561 1127 1621 p.
1151 1541 1209 1605 ‘201
1236 1545 1324 1633 sqq.)
1348 1539 1450 1605 Ovidii

343 1651 485 1714 earmina
496 1649 591 1714 Trist.
614 1651 639 1731 I,
652 1652 681 1731 5,
700 1672 728 1715 v.
746 1649 889 1716 57-84.
913 1670 953 1714 ex
971 1649 1061 1715 Pont.
1083 1651 1108 1731 Ι,
1120 1654 1151 1732 4,
1173 1649 1198 1730 Ι,
1211 1652 1240 1731 3,
1264 1645 1449 1732 1,a,1,10,
1534 1677 1535 1690 ¹

345 1762 399 1842 Ι,1
425 1781 481 1842 per
504 1763 651 1842 strophas
674 1763 849 1828 distribuit.
1337 1751 1340 1756 ⁴

281 1875 309 1938 3.
345 1873 433 1937 Ovid.
450 1893 489 1938 ex
504 1872 593 1938 Pont.
611 1869 679 1954 1,·1,
701 1894 729 1940 v.
749 1876 766 1936 7
787 1874 946 1955 scriptura
968 1875 1185 1954 antiquissimi
1207 1863 1330 1938 oodiois
1354 1870 1448 1937 Ham-

247 2013 250 2020 *
342 1985 525 2064 burgensis:
548 1983 621 2066 „nt
643 1985 790 2066 quotiens
813 1985 880 2048 dixi
904 2034 1038 2049 .....
1039 1987 1054 2014 ”
1077 1986 1231 2050 servanda
1253 1989 1313 2050 est.

280 2099 309 2159 4.
345 2095 433 2160 Ovid.
445 2095 572 2160 Heroid.
585 2095 613 2158 V
625 2095 772 2160 servandi
784 2098 864 2160 eunt
878 2113 999 2177 versus,
1016 2097 1235 2196 quideguntur
1249 2100 1327 2177 post
1347 2096 1384 2159 v.'
1394 2095 1446 2158 24:
1535 2111 1536 2118 ¹

384 2208 428 2270 ·21.
458 2205 575 2266 Incisae
597 2212 718 2266 servant
738 2225 756 2265 a
776 2213 805 2265 te
827 2224 896 2266 mea
916 2206 1037 2266 nomina
1061 2206 1129 2281 tagi,

463 2309 498 2368 Et
518 2307 602 2384 legor
621 2309 745 2370 Oenone
765 2307 841 2368 falce
863 2315 967 2369 notata
986 2315 1050 2369 tna:

387 2413 433 2474 23.
464 2411 499 2472 Et
520 2417 662 2489 quantum
684 2411 791 2486 tranei,
811 2418 926 2472 tantum
949 2429 1016 2471 mea
1036 2411 1157 2470 nomina
1177 2418 1333 2473 creseunt:

326 2539 329 2544 ·
462 2514 607 2586 Crescite,
629 2519 659 2573 et
679 2513 708 2572 in
728 2513 832 2574 titulos
854 2513 963 2589 sergite
985 2520 1070 2574 reeta
1090 2516 1191 2573 meos!
1392 2549 1395 2556 »

461 2618 588 2698 Populus
609 2617 660 2698 eet,
683 2617 817 2698 nomini,
840 2617 956 2684 fiodali
978 2617 1091 2686 oonoita
1112 2617 1187 2699 ripa,

467 2727 520 2796 het
541 2728 575 2794 in
597 2745 655 2810 qua
676 2728 771 2794 nostri
792 2728 896 2794 littem
918 2729 1028 2810 soripta
1049 2743 1168 2796 mernor.

391 2841 437 2901 95.
468 2815 590 2916 Populo,
611 2837 686 2912 vive,
706 2855 822 2916 precor,
844 2855 921 2915 quae
943 2839 1061 2898 consita
1081 2838 1212 2914 margine
1234 2837 1317 2916 ripae

465 2941 528 3001 Hoe
548 2941 578 3000 in
599 2958 709 3017 rugoso
732 2940 844 3000 cortice
866 2957 987 3001 carmen
1007 2939 1116 3002 habes:

387 3045 432 3104 27.
463 3044 555 3119 „Cum
578 3043 662 3103 Paris
684 3043 808 3104 Oenone
829 3044 940 3120 poterit
960 3044 1075 3122 spirare
1097 3043 1202 3106 relicta
1271 3063 1273 3072 ¹
1326 3091 1329 3098 r

463 3148 507 3206 Ad
529 3147 638 3208 fontem
659 3145 773 3208 Xanthi
793 3164 882 3205 versa
901 3151 1037 3207 recurret
1058 3145 1164 3226 aqna.''
1205 3197 1207 3204 ,

346 3270 540 3332 quemquam
563 3252 678 3318 desunt
699 3252 732 3314 in
755 3251 844 3344 oodd.
887 3251 921 3319 P.
945 3254 977 3314 et
1002 3249 1037 3316 G.
1089 3235 1092 3242 ’
1313 3327 1337 3338 ,-

283 3365 311 3426 5.
344 3362 509 3444 Antiphon
533 3361 569 3442 V,
592 3362 663 3444 §26
686 3361 797 3434 verba:⁴
818 3371 869 3436 aot
890 3367 977 3424 τοῦτο
1000 3367 1055 3443 μὲν
1081 3365 1213 3446 ἀκριβῶς
1240 3363 1320 3430 οὗτοι
1335 3343 1443 3444 Ιἴσᾳσιν

346 3451 419 3537 oum
440 3473 586 3537 irrisione
609 3472 695 3536 dieta
716 3491 785 3536 esse
807 3490 928 3544 censeo.
1071 3546 1108 3556 Η
1161 3561 1164 3566 ¹
1213 3539 1217 3554 ,
1267 3543 1270 3558 ¹

283 3587 312 3648 6.
349 3584 512 3665 Antiphon
533 3582 587 3663 VI,
610 3584 627 3666 ᾗ
650 3585 700 3663 44,
719 3584 838 3647 iniuria
859 3567 1004 3648 Blassius
1030 3565 1062 3649 et
1084 3586 1282 3650 Maetzneros
1306 3571 1439 3649 neruum

347 3696 448 3759 secuti
470 3699 650 3776 temporum
672 3695 792 3758 indieia
814 3697 962 3775 corrupta
984 3713 1052 3760 esee
1073 3697 1302 3760 iudicaverunt.
