3178 5018
633 377 843 442 -97-

151 566 190 654 de
224 564 416 630 carminibus
450 566 518 630 eius
551 563 720 630 traduntur
749 563 944 632 illustranda.
968 577 1014 614 —'
1034 566 1112 632 Tum
1150 569 1227 652 quid
1259 555 1329 634 sibi'

151 677 247 742 velint
279 676 375 741 verba
402 683 457 759 „ut
485 679 534 740 est
560 675 699 740 dietum”
726 695 787 741 non
817 676 1019 762 perspicitur.
1063 677 1141 744 Nam
1165 679 1198 743 in
1221 661 1329 764 opere¹

152 789 288 873 quidem
314 786 500 864 Quintiliani
535 786 628 852 nobis
664 793 799 868 servato,
834 796 906 853 ante
939 789 1023 854 hunc
1052 789 1154 854 locum
1180 785 1332 857 Cornelii

151 899 259 964 Severi
284 899 401 963 mentio
425 899 509 964 lacte
530 917 593 962 non
617 903 674 964 est.
712 897 923 975 Quamobrem
940 897 1083 966 Halmius
1106 900 1203 966 verba
1226 903 1316 975 uncis

151 1010 310 1094 quadratis
334 1008 469 1074 inclusit.
515 1007 572 1072 Sin
597 1009 736 1090 genuina
758 1017 842 1094 sunt,
865 1009 1032 1075 dolendum
1058 1031 1133 1076 sane
1149 1018 1208 1098 cst,
1232 1011 1323 1104 quod

150 1121 281 1186 alterum
299 1121 337 1184 de
354 1119 470 1184 Severo
492 1118 643 1184 iudicium
665 1118 703 1185 ab
726 1118 960 1201 elegantissimo
981 1121 1085 1186 iudice
1101 1121 1196 1187 latum
1213 1123 1317 1207 periit.

151 1232 253 1298 Cardo
278 1238 379 1296 autam
405 1231 599 1313 quaestionis
623 1237 766 1296 versatur
787 1231 819 1295 in
844 1230 964 1296 verbis:
1001 1233 1048 1315 „si
1069 1233 1108 1297 ad
1136 1211 1337 1319 auemplum¹

149 1343 243 1428 primi
266 1328 338 1407 libri
363 1341 474 1406 bellum
491 1339 629 1405 Siculum
647 1341 947 1425 perscripsisset”,
970 1342 1009 1408 de
1033 1335 1147 1427 quibus
1170 1345 1275 1420 variae
1297 1364 1339 1428 a„

149 1455 225 1517 viris
254 1453 356 1518 doctis
385 1452 561 1517 sententiae
584 1452 723 1536 prolatae
748 1456 831 1544 sunt.
877 1455 980 1535 Atque
1004 1453 1035 1517 id
1056 1453 1192 1537 quidem
1208 1475 1329 1520 omnes.

149 1564 359 1643 consentiunt,
385 1562 497 1627 bellum
523 1562 662 1626 Siculum
686 1563 719 1626 id
743 1583 823 1640 esse,
849 1564 932 1645 qnod
955 1564 1036 1630 inter
1058 1563 1263 1630 Octavianum
1288 1573 1319 1630 et
1349 1625 1352 1634 ,

149 1675 181 1740 S.
198 1674 383 1759 Pompeium
402 1680 524 1755 gestum
549 1679 598 1738 est
622 1693 703 1736 anno
727 1695 753 1738 a.
771 1695 800 1740 u.
818 1691 844 1738 c.
870 1661 988 1752 tropeo
1004 1697 1031 1740 a.
1049 1675 1121 1742 Chr.
1168 1675 1315 1741 Rationes

150 1793 251 1852 autern
280 1787 394 1870 quibus
423 1807 459 1850 eo
483 1785 684 1863 deducimur,
714 1793 787 1849 scrut
810 1792 886 1850 tres:

234 1896 372 1962 Primum
398 1897 519 1961 Seneca
550 1881 644 1960 filius'
661 1895 795 1960 testatur
817 1897 870 1980 (cf.
894 1895 995 1980 Epist.
1022 1897 1087 1979 79),
1135 1898 1315 1963 Cornelium

148 2009 309 2073 Severum*
338 2011 470 2072 Aetnam
510 2014 648 2072 montem
686 2007 823 2070 carmine
857 2005 1075 2091 descripsisse.
1126 2007 1216 2084 Quod
1249 2029 1312 2074 non

148 2121 276 2204 proprio
301 2131 396 2204 opere
430 2119 468 2182 ab
502 2138 538 2182 eo
561 2101 741 2184 institutum
767 2137 847 2198 esse,
873 2117 927 2182 sed
952 2119 1034 2182 intra
1056 2118 1185 2182 maioris
1209 2121 1314 2204 operis

147 2231 237 2309 fines,
262 2251 298 2293 eo
323 2229 583 2294 verisimillimum
608 2231 654 2310 lit,
679 2229 760 2311 quod
779 2228 915 2293 Severus
936 2235 1137 2313 comparatur
1158 2249 1227 2293 curn
1245 2229 1315 2294 Vir·
1349 2319 1351 2325 y

149 2343 223 2424 gilio
248 2350 280 2407 et
295 2341 420 2422 Ouidio,
445 2361 578 2424 quorum
601 2340 678 2406 alter
693 2341 724 2404 in
743 2339 895 2420 Aeneide,
921 2338 987 2424 (Ill,
1000 2340 1058 2404 571
1076 2338 1161 2424 sqq.)
1183 2341 1261 2405 alter
1282 2343 1315 2406 in
1413 2331 1414 2335 ¹
1520 2332 1523 2343 ’

148 2454 443 2538 llletanrorplroseon
466 2453 556 2518 libris
569 2451 651 2532 (XV,
664 2453 729 2516 340
744 2451 826 2536 sqq.)
846 2451 890 2545 ¹ed
913 2451 995 2515 idem
1021 2457 1237 2532 argumentum
1263 2471 1314 2516 ac·

147 2567 251 2631 cessit.
297 2566 460 2650 Appianus
485 2570 586 2627 autem
611 2565 732 2646 (ἐμφυλ.
744 2563 782 2636 V,
799 2564 873 2644 lli)
896 2563 1002 2642 refert,
1027 2562 1135 2627 eodem
1159 2570 1314 2648 tempore,

148 2696 208 2758 quo
242 2679 325 2740 inter
358 2676 562 2740 Octavianum
598 2680 630 2739 et
653 2675 685 2738 S.
710 2673 893 2758 Pompeium
919 2673 1132 2754 dimicaretur,
1168 2694 1313 2756 magnam

147 2787 230 2866 ignis
255 2789 315 2851 vim
341 2807 377 2852 ex
401 2791 503 2850 Aetna
525 2793 630 2849 monte
666 2785 796 2848 eiectam
831 2791 1047 2868 terrarumque
1071 2793 1188 2849 motum
1213 2792 1313 2850 ortum
1410 2763 1411 2771 ἵ

147 2919 226 2964 esse.
273 2896 340 2974 Quo
364 2918 609 2978 commovemur,
632 2904 666 2961 ut
688 2897 837 2962 Senecam
862 2897 901 2960 ad
925 2897 1050 2960 narnien
1074 2896 1201 2981 aliquod
1225 2918 1314 2982 spec-

147 3016 215 3074 tare
239 2993 423 3090 statuamus,
448 3010 531 3092 quod
554 3010 586 3072 in
610 3007 672 3073 illis
695 3007 891 3092 temporibus
912 3007 1133 3073 describendis
1156 2991 1313 3074 versatum

147 3121 197 3185 sit.
223 3159 260 3168 --
286 3120 408 3184 Deinde
442 3141 460 3184 a
493 3121 610 3184 maiore
634 3119 754 3184 Seneca
778 3123 865 3202 (suas
890 3117 959 3188 vrb
994 3118 1110 3183 servati
1133 3126 1205 3183 sunt
1228 3117 1315 3184 XXV

147 3253 258 3296 versus
281 3231 422 3298 Cornelii
447 3231 555 3296 Severi
580 3231 818 3312 elegantissimi,
843 3230 956 3314 quibus
980 3250 1064 3294 mors
1081 3229 1243 3296 Ciceronis
1260 3233 1315 3296 de·

145 3344 246 3408 fletur.
291 3343 399 3426 Neque
420 3363 479 3406 suo
502 3343 570 3408 iure
604 3364 657 3408 eos
681 3362 762 3421 esse,
792 3341 846 3407 sed
872 3362 888 3406 e
912 3342 1030 3406 maiore
1053 3341 1157 3425 aliquo
1182 3361 1313 3427 corpore

145 3455 342 3539 desumptos‚
365 3455 459 3539 primi
484 3475 591 3518 eorum
614 3456 715 3520 forma
736 3455 940 3534 grammatica
963 3453 1070 3517 docet:
1328 3435 1331 3444 ’

251 3571 254 3576 ’
300 3565 423 3647 Oraque
446 3568 684 3646 magnanimum
710 3566 865 3646 spirantia
887 3585 986 3646 paene
1009 3547 1148 3628 uirorum

350 3679 385 3742 ln
409 3680 521 3742 rostris
545 3678 668 3742 ieruere
692 3679 759 3742 suis
788 3728 794 3740 .
819 3727 825 3740 .
851 3727 857 3740 .
1326 3745 1329 3752 ,

230 3771 291 3867 Qui
315 3789 353 3854 ad
377 3789 459 3853 idern
484 3797 609 3852 carmen
634 3787 672 3852 de
697 3787 776 3852 bello
800 3787 839 3850 ab
856 3786 1025 3851 Octaviano
1044 3788 1074 3849 in
1092 3785 1202 3850 Sicilia
1223 3783 1330 3867 gesto*

145 3903 355 3986 compositum
379 3901 497 3985 optime
529 3899 716 3979 referuntur,
752 3897 921 3963 dummodo
954 3896 1104 3962 Severum
1134 3898 1314 3963 narratione

145 4033 218 4079 suex
236 4012 330 4096 paulo
365 4012 458 4076 altius
493 4010 627 4088 rediisse
662 4016 693 4074 et
725 4030 775 4074 res
809 4009 884 4076 inde
906 4029 930 4074 a
953 4007 1091 4075 secundo
1113 4009 1313 4076 triumviratu
1413 4071 1418 4082 ,

145 4130 250 4203 gestes
274 4123 383 4187 eodem
408 4123 547 4187 carmine
581 4121 778 4207 complexum
813 4141 884 4186 esse
912 4139 1079 4205 ponamus.
1104 4157 1139 4168 -
1167 4119 1312 4202 Denique

144 4234 220 4318 quid
246 4235 345 4315 magis
368 4236 502 4301 incitare
525 4235 628 4320 potuit
662 4232 716 4312 illa
748 4236 851 4299 aetate
883 4238 995 4317 poetae
1019 4233 1192 4314 ingenium,
1217 4252 1310 4315 quam

142 4346 177 4411 id
202 4346 330 4427 bellurn,
355 4367 416 4430 quo
428 4345 618 4412 Octavianus
635 4343 875 4410 occidentalium
893 4343 1125 4428 provinciarum
1143 4345 1311 4428 imperium

1110 4465 1126 4518 7
