3184 5008
638 378 844 442 ,31-

314 561 515 630 Carminibus
537 569 641 630 metus
665 567 767 630 omnis
790 568 895 644 obest3
918 584 975 646 ego
996 566 1140 648 perditus
1162 583 1269 630 ensem

363 673 541 739 Haesurum
563 676 673 756 iugulo
695 677 760 740 iam
780 680 859 757 puto
881 678 1008 758 iamque
1029 695 1108 741 meo.

248 782 401 866 Apertum
423 789 482 865 est,
507 791 629 871 poetam
647 786 739 852 etiam
755 787 911 868 navigare.
946 785 1155 864 Quomobrem
1171 805 1219 866 ea,
1243 805 1323 869 quae

162 891 309 958 dicuntur
341 894 380 959 de
413 902 497 960 metu
529 897 641 962 mortis
675 917 749 964 ense
783 897 844 961 sibi
866 898 1064 979 inferendae,
1098 895 1236 977 intellegi
1258 914 1323 961 non

165 1011 313 1088 possunt,
340 1005 402 1070 nisi
431 1005 470 1071 de
493 1007 614 1072 orzoulto
636 1007 740 1091 aliquo
763 1009 962 1092 imperatoris
987 1015 1168 1093 praecepto,
1198 1027 1259 1091 quo
1281 1027 1323 1072 ue
1364 1017 1367 1034 ’

163 1114 324 1180 baberetur
350 1115 381 1180 in
410 1135 489 1181 nave
511 1118 656 1199 timebat,
687 1125 723 1184 ut
743 1124 828 1184 recta
852 1119 1037 1184 Leutsobins
1061 1121 1105 1203 (p.
1121 1119 1176 1202 50)
1200 1118 1323 1184 videtur

161 1225 240 1290 mibi
270 1227 417 1294 sensisse.
440 1265 480 1274 —
504 1228 610 1293 Altero
638 1229 705 1294 loeo
734 1236 828 1314 poeta
851 1229 899 1294 his
926 1228 1039 1295 librom
1064 1249 1154 1295 sunm
1178 1229 1323 1300 dimittit:

161 1355 190 1402 v.
213 1339 272 1402 127
296 1358 363 1422 sqq.
371 1327 381 1403 :¹

314 1449 421 1529 Longa
441 1453 494 1515 uia
516 1456 574 1531 ast,
597 1451 745 1533 proberal
769 1452 869 1518 Nobis
891 1454 1090 1518 habitabitur
1111 1453 1197 1516 orbis

364 1560 515 1640 Ultimus,
538 1580 557 1625 a
578 1565 662 1626 terra
682 1565 768 1627 terra
788 1565 910 1627 remota
930 1581 1009 1626 mea.

251 1668 338 1746 Quae
355 1671 470 1735 mirum
493 1676 526 1735 in
548 1672 674 1736 modom
698 1655 874 1738 Graeberas
898 1675 941 1758 (p.
959 1671 999 1737 Vl
1021 1678 1081 1757 sq.)
1095 1679 1135 1738 'et
1155 1671 1322 1738 Sehulzius

164 1781 208 1864 (p.
227 1780 280 1862 14)
302 1778 453 1862 neglectis
477 1781 523 1846 eis
539 1781 692 1864 versibus,
717 1803 795 1867 qnos
818 1783 910 1849 modo
932 1782 1101 1864 attulimus,
1124 1783 1324 1868 interpretati

163 1897 237 1958 sunt
257 1891 297 1956 de
313 1911 432 1978 nupero
448 1881 583 1959 adventu
597 1900 718 1979 poetae.
752 1900 795 1960 At
809 1895 836 1960 si
852 1895 915 1959 vim
931 1895 1083 1979 temporis
1099 1895 1196 1960 futuri
1212 1894 1322 1978 „babi-

164 2001 303 2067 tabitur''
328 2007 414 2070 recte
442 2003 652 2089 percipimus,
681 2004 733 2069 bic
754 2024 878 2090 quoque
900 2005 939 2070 de
961 2005 1083 2071 itineris
1106 2012 1248 2090 tempore
1270 2005 1323 2087 agi

163 2112 383 2195 intellegimus.
407 2151 446 2162 —
471 2115 656 2201 Comparem
691 2123 794 2182 autem
829 2135 898 2183 esse
933 2116 1091 2182 scribendi
1114 2115 1266 2182 stlocum
1292 2121 1323 2181 et

166 2224 380 2292 condicionem
402 2226 436 2291 in
458 2225 569 2292 ultimo
590 2226 663 2292 libri
685 2229 834 2310 carmine,
857 2229 920 2294 iam
943 2229 1118 2313 expositum
1142 2234 1199 2295 est.

250 2335 296 2400 En
320 2337 469 2420 rabones,
493 2337 609 2423 quibus
630 2338 840 2422 confirmatur,
865 2339 948 2424 qnod
962 2345 1056 2425 pocta
1077 2339 1239 2425 professus
1263 2343 1320 2422 est,

163 2465 273 2512 omnes
295 2446 367 2512 libri
390 2449 484 2534 primi
508 2449 657 2535 epistolas
679 2450 712 2516 in
733 2450 847 2516 itinere
864 2451 967 2516 navali
986 2452 1118 2537 scriptas
1141 2471 1219 2518 esse.
1257 2449 1321 2516 Sed

160 2575 224 2622 non
254 2557 353 2624 solum
382 2559 523 2642 singulae
551 2560 704 2647 epistolae
726 2561 894 2648 pleraeque
916 2563 1106 2644 argumentis
1130 2561 1205 2628 satis
1229 2562 1322 2626 certis

165 2667 206 2732 ad
228 2667 286 2732 boc
308 2675 432 2756 tempus
454 2672 561 2738 referri
585 2679 729 2757 possunt,
754 2673 808 2738 sed
831 2673 925 2738 etiam
947 2673 1051 2757 ipsum
1068 2671 1230 2738 consilinm
1250 2671 1322 2737 libri

163 2778 312 2861 alicuius,
337 2800 399 2864 quo
423 2781 499 2847 haec
521 2783 661 2847 carmina
683 2784 928 2866 continerentur,
956 2782 1069 2848 edendi
1093 2803 1111 2847 a
1132 2788 1226 2869 pocta
1247 2801 1322 2846 oon-

165 2898 290 2977 ceptum
314 2893 347 2957 in
372 2893 429 2957 bac
450 2893 574 2959 itineris
596 2901 695 2978 parte,
718 2893 991 2960 verisimilitudine
1013 2913 1076 2958 non
1098 2900 1190 2958 caret.
1229 2893 1322 2957 Com-

163 3001 306 3068 mendari
328 3003 424 3085 igitur
446 2997 569 3070 uidetur
585 3003 719 3087 Loersii,
741 3003 901 3070 Leutschii
918 3003 1084 3079 sententia,
1107 3021 1169 3087 qua
1185 3023 1203 3066 a
1218 3008 1322 3086 poeta,

163 3121 330 3196 antequam
347 3113 474 3180 alteram
490 3115 614 3180 itineris
629 3121 750 3200 partem
771 3113 905 3200 pedibus
921 3113 1142 3200 perficiendam
1158 3113 1323 3198 inciperet,

165 3221 278 3288 librum
303 3225 437 3309 primum
455 3224 619 3310 Tempyris
635 3225 753 3290 Roman
777 3225 908 3290 missum
924 3243 995 3290 esse
1010 3224 1221 3291 constituitur.
1259 3222 1323 3288 Sed

164 3331 211 3398 illi
225 3333 308 3399 haud
323 3333 482 3416 paululum
498 3334 581 3401 ultra
594 3334 707 3402 hiemis
723 3342 847 3420 tempus
863 3355 933 3401 enm
949 3335 1115 3417 navigasse
1130 3335 1337 3414 existimante

165 3443 259 3510 nobis
280 3446 397 3512 reiecta
418 3465 455 3510 aa
475 3446 634 3531 opinione,
657 3445 738 3510 ultra
752 3465 787 3512 se
802 3446 892 3511 offert
906 3445 1072 3526 dubitatio,
1096 3464 1169 3510 num
1197 3445 1322 3510 omnino

167 3555 262 3620 statui
284 3556 396 3640 possit,
420 3575 438 3621 a
459 3559 554 3641 potta
574 3557 607 3621 in
630 3556 702 3642 ipsa
721 3557 931 3638 navigatione,
956 3575 1050 3640 quam
1072 3554 1233 3621 celerrime
1249 3575 1322 3640 per·

167 3666 279 3732 lectam
307 3686 377 3733 esse
405 3667 615 3750 ostendimus,
644 3672 742 3732 totum
771 3665 885 3732 librum
909 3667 1117 3752 compositum
1140 3672 1323 3746 correctum,

168 3777 349 3862 expolitum,
372 3778 507 3862 deniqne
528 3779 568 3844 ad
588 3795 658 3851 eam,
679 3777 864 3860 elegantiam
879 3777 1064 3863 perductum
1080 3795 1160 3858 asse,
1184 3795 1278 3860 quam
1294 3779 1325 3842 et

166 3887 236 3974 ipse
260 3908 294 3954 se
317 3888 441 3972 dignam
465 3888 668 3972 existimaret,
691 3893 800 3954 atros
823 3889 1002 3954 etiamnunc
1027 3889 1060 3953 in
1076 3887 1323 3953 coadmiramnr.

165 3997 272 4083 ltaque
295 3999 417 4065 etiamsi
439 4017 535 4064 unum
558 3998 704 4084 quodque
725 4017 851 4069 carmen
872 3999 906 4064 in
929 4017 1009 4066 nava
1032 4004 1134 4065 ortum
1155 4017 1230 4064 essa
1256 4017 1323 4063 cer·

169 4109 305 4176 tissimis
326 4110 517 4191 argumentis
532 4109 742 4176 demonstrari
763 4116 882 4196 posset,
905 4116 1010 4176 tamen
1031 4107 1175 4176 ultimam
1196 4128 1324 4176 manum

170 4218 276 4286 Tomis
298 4219 421 4286 demum
443 4220 598 4286 admotam
614 4240 683 4287 esse
698 4241 757 4307 per
777 4239 811 4286 se
832 4218 981 4286 credibile
998 4225 1055 4286 est
1089 4215 1197 4304 Neque
1211 4219 1326 4300 desunt

168 4329 229 4396 loci
256 4329 369 4415 quibus
400 4331 483 4398 baud
511 4351 621 4398 vanam
650 4351 720 4397 esse
747 4330 828 4397 hanc
854 4329 1067 4416 suspicionem
1095 4331 1323 4416 comprobetur.
