3178 5018
650 387 860 450 ..91-

194 595 209 618 „
255 570 324 648 Quo
347 577 450 637 utrum
474 571 576 638 hiems
598 591 753 638 annorum
778 571 871 646 tullo
894 592 932 638 on
956 569 1155 656 insequentis
1176 571 1249 636 anni
1273 569 1336 634 sol·

168 664 301 750 stitium'
330 682 465 750 hiemale
501 683 708 765 significetur,
743 685 867 750 ratione
901 683 978 750 satis
1006 688 1091 748 certa
1113 681 1250 748 discerni
1274 699 1338 746 non

167 800 282 879 potest
327 793 392 860 Sed
425 812 495 858 cum
529 795 562 860 in
597 793 757 880 prioribus
780 793 871 860 libris
894 794 1080 874 viderimus,
1104 797 1231 879 poetam
1255 799 1338 864 teru-

167 925 280 992 porum
304 905 446 970 ordinem
470 924 534 970 non
557 905 798 985 disturbavisse,
821 904 1003 990 ubicunque
1028 905 1128 986 siguis
1150 906 1228 970 satis
1245 903 1339 968 certis

168 1017 376 1098 indiceretur,
416 1015 470 1081 hio
508 1035 632 1101 quoque
669 1017 801 1082 eandem
835 1016 936 1098 legem
966 1016 1005 1080 ab
1028 1035 1065 1082 eo
1089 1020 1243 1080 servatam
1269 1033 1340 1080 esse

169 1127 412 1213 suspicabimur.
458 1127 501 1192 At
522 1128 551 1192 si
574 1127 708 1213 epistola
729 1127 781 1208 lV,
798 1129 838 1192 13
861 1128 901 1192 ad
924 1128 1058 1192 hiemem
1076 1145 1227 1192 annorum
1248 1124 1341 1204 14115

47 1311 48 1314 ¹
169 1238 352 1323 pertineret,
377 1238 575 1304 antecedenti
598 1239 729 1304 carmini
753 1241 897 1322 tempore
921 1229 1144 1302 antecederet(
1174 1234 1341 1301 Praeterea

176 1347 304 1414 videndi
327 1369 386 1414 vox
419 1348 514 1432 (Xlll,
525 1349 582 1428 401
616 1349 766 1414 translata
800 1349 1030 1431 significatione
1064 1348 1168 1432 aptius
1192 1345 1339 1430 usurpari

169 1459 294 1525 videtur
309 1460 348 1525 de
366 1481 428 1524 uuo
446 1461 598 1545 temporis
615 1465 748 1544 puncto,
762 1480 853 1544 quam
872 1460 910 1524 de
922 1459 1063 1540 longiore
1076 1457 1337 1542 uliquo'spsti01).

169 1569 217 1636 De
252 1590 361 1636 meuse
396 1569 564 1638 Decembri
598 1571 933 1652 igituraunitldllbtl
955 1571 1092 1652 cogitare
1115 1567 1232 1634 malim.
1277 1565 1341 1632 Sed

170 1704 239 1749 oum
263 1705 314 1749 res
338 1685 398 1750 boc
420 1683 513 1748 modo
537 1704 599 1749 uou
623 1683 717 1768 plane
740 1681 935 1763 conficiatur,
959 1701 1056 1767 supra
1076 1682 1107 1746 iu
1124 1679 1337 1745 fundamentis

171 1795 365 1879 quaestionis
387 1794 542 1860 iaciendis
567 1795 616 1858 hic
638 1794 727 1859 locus
749 1775 783 1858 iu
807 1813 899 1858 usum
923 1792 1027 1858 vocari
1051 1811 1115 1857 uon
1136 1797 1270 1878 poterut.

255 1907 414 1972 Hactenus
446 1907 540 1972 certis
574 1905 765 1990 disertisque
797 1905 975 1970 testimonis
1014 1903 1168 1969 ducimur.
1213 1901 1276 1968 Sed
1299 1901 1340 1966 ab

173 2018 222 2083 bi's
245 2017 376 2102 proiecti
401 2017 547 2083 facillime
571 2017 610 2083 de
633 2017 704 2082 uliis
729 2036 853 2099 quoque
868 2013 1028 2081 nonnullis
1044 2014 1238 2079 carminibus
1254 2013 1338 2078 iudi-

171 2131 253 2196 cium
277 2131 358 2194 lsrrs
381 2129 565 2214 poterimus.

262 2239 399 2304 Primum
428 2259 512 2322 eam,
536 2259 554 2304 a
577 2260 638 2324 que
664 2239 778 2324 incipit
800 2238 895 2320 liber,
912 2239 951 2302 ad
975 2237 1006 2304 S.
1023 2237 1207 2321 Pompeium
1232 2235 1338 2300 datam

169 2351 321 2438 epistolae
356 2357 485 2435 quartae
519 2357 551 2416 et
581 2351 709 2435 quintae
732 2359 873 2437 tempore
896 2349 1094 2430 antecedere,
1128 2349 1204 2413 iude
1226 2347 1338 2427 clucet,

172 2464 255 2547 quod
293 2463 361 2528 sine
395 2462 490 2527 dubio
524 2462 628 2548 prima
660 2469 718 2544 est,
757 2482 830 2547 quai
854 2462 936 2527 bunc
968 2461 1069 2526 uirum
1104 2466 1210 2544 aperte
1245 2464 1340 2544 poeta

170 2573 321 2640 allocutus
356 2579 415 2655 est,
450 2581 497 2638 ut
517 2573 683 2639 Sclrulzius
707 2577 751 2659 (p.
768 2575 823 2656 23)
852 2561 935 2638 recte
968 2571 1123 2638 conclusit
1154 2569 1339 2636 eversibus

173 2687 300 2770 3sqq.:

321 2798 392 2874 Qui,
415 2817 472 2860 seu
494 2817 557 2861 nou
581 2788 739 2878 prohibes
763 2817 782 2860 a
804 2817 854 2860 me
876 2803 934 2860 tua
955 2797 1085 2860 nomirio
1107 2795 1193 2874 prorui,

373 2910 513 2972 ,decedat
534 2910 658 2976 meritis
681 2911 758 2972 haec
781 2903 906 2989 (quoque
929 2925 1056 2972 summe
1077 2906 1158 2970 tuis:

322 3020 396 3083 Sive
417 3021 519 3084 trabis
542 3021 658 3098 voltus
682 3021 829 3100 equidem
852 3037 1000 3099 peccasse
1021 3017 1154 3094 l'elebor,
1179 3066 1185 3078 .
1211 3066 1217 3078 .

694 3151 719 3194 e.
744 3149 772 3210 q.
796 3147 821 3193 s.

254 3238 396 3316 Quocum
420 3241 538 3325 optime
560 3242 718 3321 convenit,
742 3241 826 3324 quod
850 3238 1030 3306 consulatus
1053 3239 1121 3304 eius
1139 3236 1256 3302 mentio
1275 3255 1339 3300 non

171 3349 215 3416 lit.
260 3349 285 3414 E
309 3350 453 3416 versibus
477 3359 579 3418 autem
606 3355 640 3417 11
660 3373 744 3436 sqq:

148 3485 149 3490 ¹
323 3461 362 3526 0!
388 3458 534 3544 quotiens
557 3481 614 3543 ego
638 3484 710 3528 sum
732 3459 825 3528 libris
847 3465 926 3527 mihi
949 3466 1038 3528 visus
1062 3465 1094 3528 in
1118 3464 1190 3527 istis

374 3575 506 3655 Impius,
531 3575 562 3638 in
586 3577 676 3641 nullo
699 3577 784 3656 quod
806 3577 943 3654 legerere
965 3574 1047 3640 loco!
1116 3623 1118 3630 .

324 3685 362 3748 0!
387 3687 543 3766 quotiens,
568 3688 759 3758 aliivellem
783 3707 856 3750 cum
879 3688 1025 3764 scribere,
1045 3705 1158 3750 nomen

373 3797 509 3862 Rettulit
531 3799 563 3872 in
587 3817 674 3862 ueras
696 3800 796 3880 impia
818 3800 931 3862 (lextra
952 3797 1060 3861 tuum!

171 3909 404 3989 cognoscimus,
428 3913 494 3973 tum
519 3910 671 3994 temporis
693 3909 756 3975 iam
780 3908 882 3974 editos
905 3908 1004 3973 luisse
1027 3910 1148 3994 priores
1171 3915 1234 3972 tres
1255 3905 1339 3971 Pon-

171 4017 302 4082 ticarum
328 4018 532 4103 epistolarum
555 4017 664 4100 libros,
687 4020 721 4084 in
743 4020 857 4105 quibus
873 4019 1006 4084 allorum
1022 4019 1193 4083 amicorum
1210 4017 1341 4082 nomina

170 4134 265 4214 poeto
287 4130 402 4214 posuit.
447 4129 642 4196 Deducimur
664 4130 760 4212 igitur
781 4130 821 4196 ad
845 4138 1017 4196 extremum
1037 4129 1110 4195 anni
1130 4129 1243 4198 766113
1259 4135 1339 4193 tem·

170 4287 373 4298 --——.-—--·-

241 4367 263 4436 ¹]
283 4369 331 4425 cir.
350 4367 405 4424 cio.
425 4367 637 4437 Luelss,12.od
656 4368 712 4424 Art.
733 4371 771 4436 16,
785 4371 823 4436 ll,
835 4372 857 4423 l.
