3184 5008
723 347 937 412 ..54-

247 536 357 606 ruoilo
377 517 583 619 ouguoeoitur.
626 533 693 602 litte
720 533 802 600 euim
830 533 961 619 persenti
996 532 1130 617 quedam
1163 531 1270 618 operis
1291 529 1419 596 leutitia

250 647 391 730 ouem,
414 647 467 712 hio
486 651 551 712 tem
572 644 740 712 eotlieituru
757 645 903 710 euimum
926 643 1073 724 ostendit,
1097 647 1132 708 nt
1153 661 1188 708 re
1209 659 1283 708 vere
1303 639 1415 706 uxoris

248 757 445 824 :votuntetem
466 755 657 822 innitendum
682 755 710 821 oi
733 755 832 820 visam
856 770 925 820 eone
948 759 1106 839 apparent.
1152 750 1300 834 decedit,
1327 747 1414 835 quud

255 871 472 951 argumentum
500 886 565 934 nou
591 865 625 931 iu
651 867 831 932 uuiversum
861 870 1027 945 metetur,
1058 863 1116 929 eed
1149 862 1189 928 nd
1215 855 1366 946 triumphi
1394 878 1418 924 ι

257 979 385 1046 Tiberio
402 977 462 1044 euti
478 986 602 1063 tempus
619 976 772 1062 expositio
794 976 928 1041 refertur
942 983 984 1059 (v.
1003 975 1063 1040 133
1078 975 1151 1058 oq).
1180 973 1303 1039 >lustum
1317 971 1417 1052 igitur

175 1174 178 1181 Ι
255 1089 454 1176 prooemium
476 1088 510 1154 in
532 1087 592 1153 hoo
612 1087 693 1154 lituro
717 1086 922 1152 desideretur.

269 1258 271 1270 .
338 1199 469 1266 Restant
485 1196 636 1284 epistulae
650 1196 675 1279 Ι,
692 1198 708 1261 1
725 1200 757 1262 et
772 1195 823 1278 ΙΙΙ,
840 1199 872 1277 e,
895 1215 1027 1280 qnorum
1044 1193 1141 1260 altere
1161 1194 1262 1259 maius
1286 1189 1416 1275 aliquod

247 1330 333 1397 opus
360 1310 476 1395 inoipi,
510 1309 607 1375 ultera
638 1307 783 1375 uoueiudi
808 1307 920 1393 peuoie
946 1307 1089 1372 versibus
1118 1305 1286 1393 udeeriptie
1312 1309 1414 1389 putet:

253 1419 279 1502 Ι,
305 1419 334 1498 1,
358 1421 457 1504 deq:

215 1523 220 1548 ⁶
405 1532 442 1595 Si
463 1534 564 1611 venet,
586 1532 725 1612 hospitio
747 1530 938 1611 peregrinus,
961 1530 1067 1608 Brute,
1080 1529 1215 1613 ,libellus

248 1699 252 1706 .
456 1642 582 1723 Exeipe,
604 1643 744 1722 dumque
766 1641 883 1721 utiquo,
905 1641 1049 1721 quolibet
1071 1641 1151 1706 abde
1172 1639 1252 1702 loeo.

161 1787 162 1792 ι
254 1751 806 1846 QQfflW†*”-”

405 1863 474 1928 Hoo
495 1881 574 1945 opue
596 1864 734 1929 eleotnm
754 1881 794 1928 ne
815 1864 895 1927 mihi
915 1864 996 1928 forte
1017 1865 1120 1944 putee.

344 1971 513 2050 Quaeritur
546 1979 665 2056 autem,
697 1979 800 2038 utrum
835 1973 931 2038 altero
963 1972 1032 2038 loeo
1066 1971 1151 2038 eolus
1183 1971 1304 2057 primns
1337 1969 1421 2034 liber

255 2082 466 2165 significetur,
495 2082 591 2148 altero
615 2083 700 2150 enine
723 2084 851 2165 tertius,
879 2103 918 2148 eu
942 2083 1084 2149 eiusdem
1107 2083 1212 2168 operis
1234 2088 1298 2148 true
1322 2079 1419 2146 etum

257 2192 354 2260 libroe
374 2193 516 2280 ¹amplexi
546 2194 671 2260 termini
698 2193 888 2275 agnoscendi
917 2194 990 2260 siut
1039 2196 1086 2259 Au
1112 2195 1247 2279 primum
1276 2193 1419 2277 quidem,

257 2322 463 2388 queeouuque
476 2309 608 2388 utroquo
622 2305 763 2372 carmine
785 2305 996 2389 proteruntur,
1021 2305 1130 2369 eodem
1145 2305 1222 2370 iure
1244 2301 1284 2368 nd
1307 2321 1418 2368 omnes

257 2418 334 2496 tren,
358 2433 418 2499 qno
442 2415 482 2478 ed
503 2415 640 2500 primum
664 2414 712 2480 vel
734 2415 859 2480 tertium
882 2414 997 2480 librum
1021 2415 1130 2480 reterri
1153 2419 1296 2500 possunt.
1338 2413 1416 2478 Num

257 2523 372 2608 quium
388 2529 484 2610 poeta
498 2525 531 2590 iu
552 2525 655 2610 prima
678 2525 813 2611 epistole
833 2531 988 2608 ueterem,
1012 2527 1175 2607 rationem,
1198 2531 1416 2607 argumentum

258 2635 363 2720 operis
393 2635 441 2700 eni
469 2635 634 2718 describit,
662 2655 699 2702 ee
725 2636 830 2702 omnia
857 2638 889 2702 iu
918 2637 1063 2703 omnibus
1090 2636 1191 2702 tribus
1213 2636 1302 2704 libris
1326 2637 1420 2718 signu

255 2752 440 2814 oernuntur:
462 2767 491 2813 v.
509 2745 550 2811 15
564 2766 648 2831 sqq:

408 2858 562 2938 Invenies,
586 2860 731 2939 quamvis
753 2877 817 2924 nun
839 2863 888 2924 est
909 2859 1100 2946 miserabilis
1122 2861 1228 2938 index,

460 2968 532 3032 Nou
553 2971 661 3034 miuus
682 2971 742 3034 hoo
764 2972 820 3034 iliu
841 2972 943 3050 triste,
965 2971 1051 3050 quod
1070 2973 1146 3034 unte
1168 2971 1250 3051 dedi,

408 3081 513 3144 nebus
535 3082 629 3161 inem,
651 3082 747 3145 trouu
771 3083 885 3162 differt,
908 3084 939 3145 et
961 3060 1105 3164 epistole
1118 3083 1170 3144 om
1193 3083 1236 3148 eit

456 3190 527 3253 Nou
548 3193 707 3256 occultato
729 3193 856 3256 nomine
876 3193 977 3256 misse
998 3193 1097 3255 docet.

339 3297 446 3382 Neque
474 3299 578 3366 minue
606 3320 714 3366 omues
740 3300 813 3365 libri
841 3301 886 3367 eie
919 3302 1005 3367 vitiis
1039 3301 1196 3386 inquinati
1218 3308 1306 3384 eunt,
1336 3319 1417 3386 quae

252 3413 351 3493 poete
372 3409 405 3472 in
427 3409 561 3494 epietule
582 3409 634 3492 111,
657 3412 678 3476 9
700 3412 877 3478 coufitendo
901 3431 1049 3477 exemere
1071 3413 1177 3478 studet
1197 3433 1226 3478 v.
1245 3414 1278 3478 1:

241 3525 244 3534 '
407 3520 498 3598 Quod
519 3522 634 3587 sithiu
656 3523 767 3588 eedem
789 3523 948 3588 sententie
971 3571 978 3586 .
1003 3572 1009 3586 .
1034 3572 1041 3586 .
1063 3523 1192 3598 libellis.
1215 3559 1257 3570 -

343 3629 516 3720 Aptissime
544 3631 642 3713 igitur
664 3633 770 3718 putuit
795 3638 889 3718 poeta
911 3632 1032 3698 duabus
1056 3633 1123 3698 illie
1151 3633 1293 3720 epistolis
1315 3635 1417 3700 tribue

254 3740 347 3807 libris
374 3761 438 3807 una
460 3741 553 3808 editio
577 3749 607 3808 et
628 3744 765 3830 praeferi
788 3750 819 3809 et
839 3743 933 3808 tinem
955 3744 1127 3830 imponere.
1173 3743 1264 3822 Quod
1284 3765 1320 3810 re
1341 3763 1418 3810 vere

257 3851 375 3917 fautum
398 3871 482 3935 eeee,
505 3852 655 3920 Dinterue
678 3854 721 3938 (1,
743 3876 775 3941 p.
790 3855 856 3940 4)1)
878 3855 1074 3940 comprobari
1097 3856 1256 3921 existimat
1278 3855 1414 3938 ,libelii‘

255 3961 407 4028 vocabulo
423 3971 586 4049 deotpato,
608 3985 670 4050 qno
686 3965 826 4047 singulus
850 3965 998 4052 epistolae
1021 3965 1171 4052 appellari
1194 3985 1290 4053 poseo
1311 3973 1415 4048 negot.

249 4070 318 4138 ‘Sed
341 4073 422 4156 fugit
443 4073 543 4140 virum
567 4074 708 4158 doenum,
737 4075 776 4141 ab
804 4076 875 4162 ipeo
899 4074 1011 4142 Ouidio
1033 4096 1098 4141 non
1121 4076 1218 4142 semel
1239 4077 1299 4142 hou
1320 4077 1417 4143 verto

253 4227 456 4240 m

325 4309 348 4378 ¹)
367 4308 401 4366 B.
412 4308 531 4366 litutert
559 4312 601 4366 De
619 4312 668 4369 Or.
685 4329 717 4366 ex
733 4313 763 4368 P.
781 4313 858 4367 libris
877 4327 973 4368 oomm.
990 4311 1009 4368 1.
1031 4315 1151 4368 Grimme
1172 4313 1243 4382 1858,
1260 4313 1300 4370 11.
1320 4313 1396 4380 18⁶5.
