3178 5018
733 350 942 415 ,74-

253 539 444 604 carminibus
477 545 659 623 temporum
687 538 805 604 indicia
838 537 1017 620 indaganda
1050 545 1132 606 sunt.
1173 537 1260 616 Quae
1283 539 1311 603 si
1334 536 1420 634 nulla

241 637 463 731 inveniantur,
486 669 537 714 res
561 650 592 715 in
616 649 719 714 medio
742 648 949 733 relinquenda
971 656 1027 716 est.
1067 649 1129 714 lam
1146 649 1244 731 igitur
1259 649 1298 714 ad
1314 650 1417 733 ipsum

253 780 332 846 opus
356 761 564 846 accingamur.
1128 779 1131 784 ·

338 983 476 1050 Possunt
498 992 600 1050 autem
624 989 710 1050 certa
732 983 885 1067 quaedam
909 983 1112 1068 epistolarum
1135 1002 1252 1063 genera
1270 981 1418 1064 discerni,

253 1096 393 1180 exceptis
409 1095 601 1162 carminibus
625 1095 649 1172 Ι,
663 1099 694 1175 2,
718 1103 749 1160 et
770 1094 828 1178 l,8
855 1096 973 1180 apertis
1007 1099 1185 1180 temporum
1220 1094 1347 1158 indiciis
1371 1094 1419 1157 iu-

254 1207 398 1287 structis,
422 1207 597 1291 dequibus
621 1226 717 1291 supra
741 1207 872 1288 egimus.

339 1317 436 1384 Primi
452 1319 576 1400 generis
593 1325 666 1383 sunt
681 1337 719 1382 ea
733 1319 882 1396 earmina,
905 1317 944 1382 de
961 1317 1086 1400 quibus,
1104 1335 1292 1400 quamquam
1316 1322 1419 1380 certus

252 1450 354 1496 annus
376 1429 492 1496 natalis
515 1449 578 1495 non
602 1429 799 1512 agnoscitur,
823 1434 926 1494 tamen
951 1429 984 1492 id
1007 1433 1142 1509 consmt,
1166 1427 1342 1513 posteriore
1366 1427 1419 1492 de·

253 1562 336 1607 mum
361 1541 445 1606 exilii
469 1547 610 1632 tempore
635 1561 671 1605 ea
694 1541 869 1625 composita
892 1561 971 1606 esse.
989 1579 1028 1590 -
1047 1544 1094 1605 Ac
1116 1541 1177 1604 dno
1201 1539 1327 1623 quidem
1352 1557 1419 1602 car-

254 1654 340 1717 mine
356 1651 451 1716 Bruto
475 1653 572 1716 missa
594 1657 658 1717 toto
682 1653 808 1718 demum
837 1671 931 1738 opere
955 1653 1091 1736 perfeeto
1113 1651 1220 1716 addito
1242 1671 1328 1730 esse,
1352 1651 1421 1734 ipsa

253 1771 438 1844 argumenta
462 1763 613 1842 iudicant,
637 1764 681 1827 ita
703 1768 738 1828 ut
761 1764 812 1828 vix
835 1783 915 1847 opus
939 1764 982 1828 sit
1004 1761 1114 1828 afferre
1137 1782 1247 1828 versus
1269 1761 1340 1841 1‚1:

406 1876 491 1939 Naso
515 1875 700 1940 Tomitanae
722 1877 786 1940 iam
809 1895 871 1940 non
894 1895 996 1940 novus
1019 1877 1124 1938 incola
1145 1880 1255 1938 terrae.

525 1971 530 1986 ⁹
748 1993 780 2050 et
806 1990 842 2050 16
866 2007 927 2066 sd:

457 2099 527 2162 Non
549 2102 655 2164 minus
679 2101 737 2162 boe
760 2101 814 2162 illo
837 2101 939 2174 triste,
963 2101 1046 2178 (ruod
1070 2105 1142 2162 ante
1162 2087 1269 2170 deni„
1347 2116 1349 2124 ’

409 2212 511 2274 Rebus
534 2212 628 2283 idem,
651 2211 747 2273 titulo
771 2211 885 2286 (libert,
909 2214 938 2273 et
962 2211 1099 2290 epistole
1120 2211 1173 2272 cui
1195 2211 1236 2274 sit

457 2321 527 2384 Non
550 2324 707 2384 occultato
729 2301 857 2384 nomine
879 2322 978 2384 missa
1000 2323 1101 2397 docet,

254 2452 271 2498 e
300 2433 413 2515 quibus
438 2432 588 2498 Tristinm
617 2431 714 2495 libros
743 2440 807 2495 tum
837 2432 990 2516 temporis
1013 2433 1074 2494 ,iam
1099 2431 1201 2495 editos
1225 2432 1323 2496 luisse
1346 2449 1418 2510 cog·

253 2544 424 2608 noscimus.
452 2581 486 2590 -
513 2543 592 2608 Tum
628 2564 665 2607 ex
699 2543 759 2623 eis,
796 2563 874 2626 quae
907 2543 940 2607 in
968 2541 1101 2627 epistola
1123 2541 1194 2627 1,4
1228 2542 1417 2607 adnuerem

256 2652 382 2735 scribit,
406 2650 582 2735 colligitur,
606 2674 675 2718 eom
700 2654 761 2718 iam
786 2674 843 2736 per
865 2653 988 2734 longius
1011 2662 1136 2736 tempus
1160 2652 1280 2718 exulem
1305 2652 1343 2716 ab
1367 2650 1419 2716 illa

256 2765 447 2829 disiunctum
471 2765 578 2830 luisse.
617 2765 694 2829 Nam
717 2772 749 2829 et
771 2766 819 2829 sui
843 2765 944 2849 ipsius
968 2766 1106 2850 speeiem
1130 2764 1207 2830 adeo
1225 2765 1286 2828 iem
1305 2765 1415 2828 immu-

255 2883 350 2940 tatam
377 2896 446 2941 esse
470 2877 609 2956 nuntiat,
644 2884 678 2941 ut
700 2878 726 2941 si
750 2876 805 2940 illa
828 2897 898 2942 eum
922 2877 1053 2957 revisat,
1089 2877 1139 2942 vix
1163 2875 1363 2956 recognitura
1385 2857 1425 2938 sit

256 3007 283 3053 v.
308 2988 328 3050 ὁ
351 3005 435 3070 sqq.:

408 3099 472 3162 Ner
496 3102 596 3163 sime
620 3102 727 3163 subito
751 3102 869 3178 uidene,
893 3119 1064 3178 agnoscere
1087 3101 1205 3181 possis:

461 3213 584 3274 rietatis
607 3215 691 3274 laeta
713 3219 762 3274 est
784 3217 875 3277 tanta
897 3214 991 3276 ruina
1014 3231 1100 3275 meae

256 3325 288 3383 et
310 3319 393 3383 illam
419 3321 456 3384 de
480 3322 608 3401 iuvene,
634 3322 757 3405 qualem
782 3323 813 3386 in
837 3325 914 3388 urbe
937 3323 1136 3406 reliquisset,
1156 3323 1218 3387 iam
1243 3343 1336 3388 anum
1362 3323 1424 3386 lao-

257 3439 318 3495 tam
344 3452 413 3496 esse
438 3433 617 3516 suspicatur
639 3455 667 3500 v.
690 3435 742 3514 47,
767 3455 829 3518 sq.:

408 3544 452 3607 Te
476 3563 610 3625 quoque,
635 3566 730 3625 cruam
753 3549 898 3612 iuvenem
923 3548 1087 3612 discedens
1110 3549 1188 3611 urbe
1211 3547 1336 3627 reliqui,

461 3655 616 3718 Credibile
640 3662 687 3719 est
710 3659 829 3720 nostris
852 3660 1031 3722 insenuisse
1055 3660 1158 3722 malis,

240 3815 242 3822 Α
304 3827 308 3833 ,
342 3763 675 3848 Quamqusmloognm
693 3768 777 3832 illam
794 3767 946 3832 malornm
964 3770 1089 3848 seriem,
1107 3767 1425 3852 quaillalactasiut,

257 3874 458 3941 multitudine
472 3878 571 3958 magis
585 3897 677 3962 qnam
690 3880 842 3963 temporis
859 3880 961 3963 spatio
978 3879 1071 3953 effici,
1095 3880 1261 3964 profitetur
1281 3900 1309 3945 u.
1320 3880 1349 3944 ,9
1365 3899 1425 3962 sq.:

408 3988 490 4051 Nam
513 4009 584 4053 mea
607 4011 661 4070 per
683 3993 793 4070 longos
817 3993 918 4071 siquis
942 3995 1027 4056 inula
1050 3994 1170 4071 digeret
1192 4012 1302 4068 anone,

460 4101 557 4163 Credo
580 4103 668 4179 mihi,
696 4101 781 4182 Pylio
805 4102 939 4166 Nestore
961 4106 1063 4166 maior
1084 4122 1146 4167 ero.

341 4210 438 4275 Porro
472 4212 505 4276 in
539 4215 672 4296 epistola
705 4233 803 4293 nona,
837 4214 876 4277 ud
900 4213 1069 4278 Maximum
1104 4215 1218 4294 missa,
1253 4233 1315 4297 qna
1337 4213 1421 4278 Celsi

256 4328 388 4386 mortem
411 4323 584 4389 nuntiatam
609 4323 714 4403 deflet,
737 4325 782 4389 ita
803 4324 956 4409 loquitur,
994 4330 1028 4390 ut
1056 4345 1126 4390 eum
1151 4326 1212 4390 iam
1238 4325 1291 4390 diu
1316 4324 1425 4391 Tomis
