<?xml version="1.0" encoding="UTF-8"?>
<!DOCTYPE html PUBLIC "-//W3C//DTD XHTML 1.0 Transitional//EN"
    "http://www.w3.org/TR/xhtml1/DTD/xhtml1-transitional.dtd">
<html xmlns="http://www.w3.org/1999/xhtml" xml:lang="en" lang="en">
 <head>
  <title>
</title>
<meta http-equiv="Content-Type" content="text/html;charset=utf-8" />
  <meta name='ocr-system' content='tesseract 3.04.00' />
  <meta name='ocr-capabilities' content='ocr_page ocr_carea ocr_par ocr_line ocrx_word'/>
</head>
<body>
  <div class='ocr_page' id='page_1' title='image "./quaestionesovid00wartgoog_0043.png"; bbox 0 0 3184 5008; ppageno 0'>
   <div class='ocr_carea' id='block_1_1' title="bbox 759 289 968 404">
    <p class='ocr_par' dir='ltr' id='par_1_1' title="bbox 759 289 968 404">
     <span class='ocr_line' id='line_1_1' title="bbox 759 289 968 404; baseline -0.01 -15"><span class='ocrx_word' id='word_1_1' title='bbox 759 289 968 404; x_wconf 69' lang='lat'><strong>..34-</strong></span> 
     </span>
    </p>
   </div>
   <div class='ocr_carea' id='block_1_2' title="bbox 282 513 1447 704">
    <p class='ocr_par' dir='ltr' id='par_1_2' title="bbox 282 513 1447 704">
     <span class='ocr_line' id='line_1_2' title="bbox 282 513 1447 608; baseline 0.003 -18"><span class='ocrx_word' id='word_1_2' title='bbox 282 527 473 608; x_wconf 86' lang='lat' dir='ltr'><strong>testimonio,</strong></span> <span class='ocrx_word' id='word_1_3' title='bbox 498 531 529 592; x_wconf 93' lang='lat' dir='ltr'><strong>et</strong></span> <span class='ocrx_word' id='word_1_4' title='bbox 551 527 745 608; x_wconf 79' lang='lat' dir='ltr'>argumentis</span> <span class='ocrx_word' id='word_1_5' title='bbox 769 527 847 594; x_wconf 88' lang='lat' dir='ltr'><strong>satis</strong></span> <span class='ocrx_word' id='word_1_6' title='bbox 871 526 963 592; x_wconf 87' lang='lat' dir='ltr'><strong>certis</strong></span> <span class='ocrx_word' id='word_1_7' title='bbox 983 526 1126 607; x_wconf 86' lang='lat' dir='ltr'><strong>efficitur,</strong></span> <span class='ocrx_word' id='word_1_8' title='bbox 1150 527 1183 592; x_wconf 94' lang='lat' dir='ltr'><strong>in</strong></span> <span class='ocrx_word' id='word_1_9' title='bbox 1206 513 1320 594; x_wconf 86' lang='lat' dir='ltr'><strong>itinere</strong></span> <span class='ocrx_word' id='word_1_10' title='bbox 1344 528 1447 594; x_wconf 86' lang='lat' dir='ltr'><strong>navali</strong></span> 
     </span>
     <span class='ocr_line' id='line_1_3' title="bbox 283 637 637 704; baseline 0.006 -2"><span class='ocrx_word' id='word_1_11' title='bbox 283 637 345 703; x_wconf 89' lang='lat' dir='ltr'><strong>iam</strong></span> <span class='ocrx_word' id='word_1_12' title='bbox 369 641 477 704; x_wconf 88' lang='lat' dir='ltr'><strong>essent</strong></span> <span class='ocrx_word' id='word_1_13' title='bbox 499 638 637 704; x_wconf 87' lang='lat' dir='ltr'><strong>condita.</strong></span> 
     </span>
    </p>
   </div>
   <div class='ocr_carea' id='block_1_3' title="bbox 236 855 1449 954">
    <p class='ocr_par' dir='ltr' id='par_1_3' title="bbox 236 855 1449 954">
     <span class='ocr_line' id='line_1_4' title="bbox 236 855 1449 954; baseline 0.004 -24"><span class='ocrx_word' id='word_1_14' title='bbox 236 855 242 886; x_wconf 71' lang='lat'>⁸</span> <span class='ocrx_word' id='word_1_15' title='bbox 367 865 476 954; x_wconf 73' lang='lat' dir='ltr'><strong>longe</strong></span> <span class='ocrx_word' id='word_1_16' title='bbox 500 867 561 932; x_wconf 87' lang='lat' dir='ltr'><strong>alia</strong></span> <span class='ocrx_word' id='word_1_17' title='bbox 584 873 632 932; x_wconf 90' lang='lat' dir='ltr'><strong>est</strong></span> <span class='ocrx_word' id='word_1_18' title='bbox 653 866 726 933; x_wconf 82' lang='lat' dir='ltr'>libri</span> <span class='ocrx_word' id='word_1_19' title='bbox 752 868 881 934; x_wconf 89' lang='lat' dir='ltr'><strong>secundi</strong></span> <span class='ocrx_word' id='word_1_20' title='bbox 904 874 1025 935; x_wconf 89' lang='lat' dir='ltr'><strong>natura.</strong></span> <span class='ocrx_word' id='word_1_21' title='bbox 1062 867 1121 934; x_wconf 85' lang='lat' dir='ltr'><strong>Est</strong></span> <span class='ocrx_word' id='word_1_22' title='bbox 1137 869 1220 934; x_wconf 87' lang='lat' dir='ltr'><strong>enim</strong></span> <span class='ocrx_word' id='word_1_23' title='bbox 1237 889 1299 935; x_wconf 89' lang='lat' dir='ltr'><strong>una</strong></span> <span class='ocrx_word' id='word_1_24' title='bbox 1314 868 1449 954; x_wconf 89' lang='lat' dir='ltr'><strong>epistola</strong></span> 
     </span>
    </p>
   </div>
   <div class='ocr_carea' id='block_1_4' title="bbox 110 976 1450 1063">
    <p class='ocr_par' dir='ltr' id='par_1_4' title="bbox 110 976 1450 1063">
     <span class='ocr_line' id='line_1_5' title="bbox 110 976 1450 1063; baseline 0.005 -26"><span class='ocrx_word' id='word_1_25' title='bbox 110 985 112 992; x_wconf 62' lang='lat'><strong>⁴</strong></span> <span class='ocrx_word' id='word_1_26' title='bbox 202 1047 209 1058; x_wconf 26' lang='grc' dir='ltr'>ι</span> <span class='ocrx_word' id='word_1_27' title='bbox 281 976 323 1054; x_wconf 84' lang='lat' dir='ltr'><strong>ad</strong></span> <span class='ocrx_word' id='word_1_28' title='bbox 345 976 521 1058; x_wconf 86' lang='lat' dir='ltr'><strong>Augustum</strong></span> <span class='ocrx_word' id='word_1_29' title='bbox 552 977 639 1060; x_wconf 75' lang='lat' dir='ltr'><strong>dota,</strong></span> <span class='ocrx_word' id='word_1_30' title='bbox 670 997 793 1042; x_wconf 89' lang='lat' dir='ltr'><strong>summa</strong></span> <span class='ocrx_word' id='word_1_31' title='bbox 821 983 889 1044; x_wconf 88' lang='lat' dir='ltr'><strong>arte</strong></span> <span class='ocrx_word' id='word_1_32' title='bbox 912 979 1099 1063; x_wconf 86' lang='lat' dir='ltr'><strong>composita.</strong></span> <span class='ocrx_word' id='word_1_33' title='bbox 1136 978 1270 1062; x_wconf 78' lang='lat' dir='ltr'>Singula</span> <span class='ocrx_word' id='word_1_34' title='bbox 1292 986 1395 1048; x_wconf 88' lang='lat' dir='ltr'><strong>autem</strong></span> <span class='ocrx_word' id='word_1_35' title='bbox 1420 987 1450 1046; x_wconf 91' lang='grc'><strong>11</strong></span> 
     </span>
    </p>
   </div>
   <div class='ocr_carea' id='block_1_5' title="bbox 208 1087 1452 2058">
    <p class='ocr_par' dir='ltr' id='par_1_5' title="bbox 208 1087 1451 1728">
     <span class='ocr_line' id='line_1_6' title="bbox 283 1087 1450 1175; baseline 0.004 -24"><span class='ocrx_word' id='word_1_36' title='bbox 283 1087 401 1151; x_wconf 86' lang='lat' dir='ltr'><strong>diserta</strong></span> <span class='ocrx_word' id='word_1_37' title='bbox 434 1095 610 1172; x_wconf 86' lang='lat' dir='ltr'><strong>temporum</strong></span> <span class='ocrx_word' id='word_1_38' title='bbox 645 1088 763 1154; x_wconf 87' lang='lat' dir='ltr'><strong>indicio</strong></span> <span class='ocrx_word' id='word_1_39' title='bbox 795 1089 829 1152; x_wconf 90' lang='lat' dir='ltr'><strong>in</strong></span> <span class='ocrx_word' id='word_1_40' title='bbox 864 1109 901 1154; x_wconf 85' lang='lat' dir='ltr'><strong>ea</strong></span> <span class='ocrx_word' id='word_1_41' title='bbox 922 1091 1039 1154; x_wconf 85' lang='lat' dir='ltr'><strong>frustra</strong></span> <span class='ocrx_word' id='word_1_42' title='bbox 1061 1089 1342 1175; x_wconf 75' lang='lat' dir='ltr'><strong>circumspicimus.</strong></span> <span class='ocrx_word' id='word_1_43' title='bbox 1387 1091 1450 1156; x_wconf 86' lang='lat' dir='ltr'><strong>Sed</strong></span> 
     </span>
     <span class='ocr_line' id='line_1_7' title="bbox 282 1197 1449 1283; baseline 0.003 -21"><span class='ocrx_word' id='word_1_44' title='bbox 282 1197 440 1262; x_wconf 90' lang='lat' dir='ltr'><strong>neminem</strong></span> <span class='ocrx_word' id='word_1_45' title='bbox 464 1199 572 1280; x_wconf 83' lang='lat' dir='ltr'><strong>fogere</strong></span> <span class='ocrx_word' id='word_1_46' title='bbox 595 1203 715 1283; x_wconf 49' lang='lat' dir='ltr'><strong>potesta</strong></span> <span class='ocrx_word' id='word_1_47' title='bbox 736 1199 776 1264; x_wconf 89' lang='lat' dir='ltr'><strong>ad</strong></span> <span class='ocrx_word' id='word_1_48' title='bbox 798 1203 920 1264; x_wconf 90' lang='lat' dir='ltr'><strong>tantum</strong></span> <span class='ocrx_word' id='word_1_49' title='bbox 942 1219 1066 1266; x_wconf 89' lang='lat' dir='ltr'><strong>carmen</strong></span> <span class='ocrx_word' id='word_1_50' title='bbox 1083 1206 1146 1264; x_wconf 90' lang='lat' dir='ltr'><strong>tam</strong></span> <span class='ocrx_word' id='word_1_51' title='bbox 1162 1199 1329 1282; x_wconf 82' lang='lat' dir='ltr'><strong>diligenter</strong></span> <span class='ocrx_word' id='word_1_52' title='bbox 1343 1200 1449 1266; x_wconf 86' lang='lat' dir='ltr'><strong>elabo-</strong></span> 
     </span>
     <span class='ocr_line' id='line_1_8' title="bbox 283 1307 1449 1394; baseline 0.005 -22"><span class='ocrx_word' id='word_1_53' title='bbox 283 1308 416 1373; x_wconf 89' lang='lat' dir='ltr'><strong>randum</strong></span> <span class='ocrx_word' id='word_1_54' title='bbox 438 1307 510 1392; x_wconf 91' lang='lat' dir='ltr'><strong>plus</strong></span> <span class='ocrx_word' id='word_1_55' title='bbox 533 1309 589 1374; x_wconf 90' lang='lat' dir='ltr'><strong>otii</strong></span> <span class='ocrx_word' id='word_1_56' title='bbox 613 1329 692 1393; x_wconf 90' lang='lat' dir='ltr'><strong>opus</strong></span> <span class='ocrx_word' id='word_1_57' title='bbox 712 1329 799 1390; x_wconf 85' lang='lat' dir='ltr'><strong>esse,</strong></span> <span class='ocrx_word' id='word_1_58' title='bbox 825 1330 916 1393; x_wconf 90' lang='lat' dir='ltr'><strong>quam</strong></span> <span class='ocrx_word' id='word_1_59' title='bbox 941 1308 1151 1394; x_wconf 83' lang='lat' dir='ltr'><strong>proficiscenti</strong></span> <span class='ocrx_word' id='word_1_60' title='bbox 1175 1311 1339 1394; x_wconf 79' lang='lat' dir='ltr'><strong>obtingere</strong></span> <span class='ocrx_word' id='word_1_61' title='bbox 1363 1313 1449 1379; x_wconf 87' lang='lat' dir='ltr'><strong>solet.</strong></span> 
     </span>
     <span class='ocr_line' id='line_1_9' title="bbox 208 1418 1451 1507; baseline 0.004 -23"><span class='ocrx_word' id='word_1_62' title='bbox 208 1427 210 1434; x_wconf 59' lang='lat'><strong>⁴</strong></span> <span class='ocrx_word' id='word_1_63' title='bbox 285 1418 460 1484; x_wconf 87' lang='lat' dir='ltr'><strong>Consilium</strong></span> <span class='ocrx_word' id='word_1_64' title='bbox 489 1419 585 1501; x_wconf 83' lang='lat' dir='ltr'><strong>igitur</strong></span> <span class='ocrx_word' id='word_1_65' title='bbox 611 1419 685 1486; x_wconf 88' lang='lat' dir='ltr'><strong>talis</strong></span> <span class='ocrx_word' id='word_1_66' title='bbox 714 1420 865 1507; x_wconf 91' lang='lat' dir='ltr'><strong>epistolae</strong></span> <span class='ocrx_word' id='word_1_67' title='bbox 893 1421 932 1486; x_wconf 92' lang='lat' dir='ltr'><strong>ad</strong></span> <span class='ocrx_word' id='word_1_68' title='bbox 962 1423 1139 1504; x_wconf 86' lang='lat' dir='ltr'><strong>Angustum</strong></span> <span class='ocrx_word' id='word_1_69' title='bbox 1168 1423 1339 1490; x_wconf 76' lang='lat' dir='ltr'><strong>mittendae</strong></span> <span class='ocrx_word' id='word_1_70' title='bbox 1370 1424 1451 1489; x_wconf 89' lang='lat' dir='ltr'><strong>haud</strong></span> 
     </span>
     <span class='ocr_line' id='line_1_10' title="bbox 285 1528 1450 1618; baseline 0.003 -24"><span class='ocrx_word' id='word_1_71' title='bbox 285 1528 380 1594; x_wconf 87' lang='lat' dir='ltr'><strong>dubie</strong></span> <span class='ocrx_word' id='word_1_72' title='bbox 412 1531 475 1594; x_wconf 89' lang='lat' dir='ltr'><strong>iam</strong></span> <span class='ocrx_word' id='word_1_73' title='bbox 511 1531 543 1595; x_wconf 93' lang='lat' dir='ltr'><strong>in</strong></span> <span class='ocrx_word' id='word_1_74' title='bbox 577 1531 730 1596; x_wconf 81' lang='lat' dir='ltr'><strong>itineres</strong></span> <span class='ocrx_word' id='word_1_75' title='bbox 759 1537 855 1616; x_wconf 75' lang='lat' dir='ltr'><strong>polita</strong></span> <span class='ocrx_word' id='word_1_76' title='bbox 878 1538 1075 1617; x_wconf 81' lang='lat' dir='ltr'><strong>conceptum,</strong></span> <span class='ocrx_word' id='word_1_77' title='bbox 1111 1553 1190 1618; x_wconf 91' lang='lat' dir='ltr'><strong>opus</strong></span> <span class='ocrx_word' id='word_1_78' title='bbox 1213 1533 1318 1618; x_wconf 90' lang='lat' dir='ltr'><strong>ipsum</strong></span> <span class='ocrx_word' id='word_1_79' title='bbox 1343 1534 1450 1599; x_wconf 82' lang='lat' dir='ltr'><strong>Tomis</strong></span> 
     </span>
     <span class='ocr_line' id='line_1_11' title="bbox 286 1640 1450 1728; baseline 0.004 -23"><span class='ocrx_word' id='word_1_80' title='bbox 286 1640 410 1706; x_wconf 89' lang='lat' dir='ltr'><strong>demum</strong></span> <span class='ocrx_word' id='word_1_81' title='bbox 427 1641 587 1724; x_wconf 89' lang='lat' dir='ltr'><strong>inceptum</strong></span> <span class='ocrx_word' id='word_1_82' title='bbox 603 1661 662 1706; x_wconf 95' lang='lat' dir='ltr'><strong>nec</strong></span> <span class='ocrx_word' id='word_1_83' title='bbox 676 1641 739 1706; x_wconf 88' lang='lat' dir='ltr'><strong>nisi</strong></span> <span class='ocrx_word' id='word_1_84' title='bbox 752 1641 911 1725; x_wconf 89' lang='lat' dir='ltr'><strong>aliquanto</strong></span> <span class='ocrx_word' id='word_1_85' title='bbox 924 1644 1076 1726; x_wconf 90' lang='lat' dir='ltr'><strong>temporis</strong></span> <span class='ocrx_word' id='word_1_86' title='bbox 1090 1645 1191 1727; x_wconf 87' lang='lat' dir='ltr'><strong>spatio</strong></span> <span class='ocrx_word' id='word_1_87' title='bbox 1206 1645 1378 1728; x_wconf 86' lang='lat' dir='ltr'><strong>perfectum</strong></span> <span class='ocrx_word' id='word_1_88' title='bbox 1394 1652 1450 1711; x_wconf 89' lang='lat' dir='ltr'><strong>est.</strong></span> 
     </span>
    </p>

    <p class='ocr_par' dir='ltr' id='par_1_6' title="bbox 288 1750 1452 2058">
     <span class='ocr_line' id='line_1_12' title="bbox 371 1750 1451 1843; baseline 0.004 -27"><span class='ocrx_word' id='word_1_89' title='bbox 371 1750 566 1835; x_wconf 84' lang='lat' dir='ltr'><strong>Quamquam</strong></span> <span class='ocrx_word' id='word_1_90' title='bbox 601 1757 704 1840; x_wconf 89' lang='lat' dir='ltr'><strong>autem</strong></span> <span class='ocrx_word' id='word_1_91' title='bbox 729 1753 762 1817; x_wconf 94' lang='lat' dir='ltr'><strong>in</strong></span> <span class='ocrx_word' id='word_1_92' title='bbox 790 1753 838 1818; x_wconf 89' lang='lat' dir='ltr'><strong>his</strong></span> <span class='ocrx_word' id='word_1_93' title='bbox 866 1753 939 1818; x_wconf 89' lang='lat' dir='ltr'><strong>lieet</strong></span> <span class='ocrx_word' id='word_1_94' title='bbox 965 1755 1182 1838; x_wconf 83' lang='lat' dir='ltr'><strong>acquiescere,</strong></span> <span class='ocrx_word' id='word_1_95' title='bbox 1215 1760 1320 1822; x_wconf 90' lang='lat' dir='ltr'><strong>tamen</strong></span> <span class='ocrx_word' id='word_1_96' title='bbox 1342 1756 1451 1843; x_wconf 83' lang='lat' dir='ltr'><strong>paucis</strong></span> 
     </span>
     <span class='ocr_line' id='line_1_13' title="bbox 290 1862 1451 1948; baseline 0.003 -22"><span class='ocrx_word' id='word_1_97' title='bbox 290 1862 457 1927; x_wconf 89' lang='lat' dir='ltr'><strong>tractanda</strong></span> <span class='ocrx_word' id='word_1_98' title='bbox 490 1868 563 1928; x_wconf 88' lang='lat' dir='ltr'><strong>sunt</strong></span> <span class='ocrx_word' id='word_1_99' title='bbox 595 1883 646 1944; x_wconf 91' lang='lat' dir='ltr'><strong>ea,</strong></span> <span class='ocrx_word' id='word_1_100' title='bbox 682 1883 761 1946; x_wconf 91' lang='lat' dir='ltr'><strong>quae</strong></span> <span class='ocrx_word' id='word_1_101' title='bbox 794 1865 826 1928; x_wconf 93' lang='lat' dir='ltr'><strong>in</strong></span> <span class='ocrx_word' id='word_1_102' title='bbox 860 1862 955 1930; x_wconf 89' lang='lat' dir='ltr'><strong>libro</strong></span> <span class='ocrx_word' id='word_1_103' title='bbox 976 1865 1013 1928; x_wconf 90' lang='lat' dir='ltr'><strong>de</strong></span> <span class='ocrx_word' id='word_1_104' title='bbox 1036 1864 1126 1930; x_wconf 86' lang='lat' dir='ltr'><strong>bellis</strong></span> <span class='ocrx_word' id='word_1_105' title='bbox 1152 1865 1206 1929; x_wconf 92' lang='lat' dir='ltr'><strong>illa</strong></span> <span class='ocrx_word' id='word_1_106' title='bbox 1228 1869 1330 1932; x_wconf 88' lang='lat' dir='ltr'><strong>aetate</strong></span> <span class='ocrx_word' id='word_1_107' title='bbox 1354 1867 1451 1948; x_wconf 83' lang='lat' dir='ltr'><strong>gestis</strong></span> 
     </span>
     <span class='ocr_line' id='line_1_14' title="bbox 288 1973 1452 2058; baseline 0.003 -22"><span class='ocrx_word' id='word_1_108' title='bbox 288 1973 498 2057; x_wconf 85' lang='lat' dir='ltr'><strong>proferuntur.</strong></span> <span class='ocrx_word' id='word_1_109' title='bbox 542 1973 620 2040; x_wconf 88' lang='lat' dir='ltr'><strong>Nam</strong></span> <span class='ocrx_word' id='word_1_110' title='bbox 655 1975 684 2040; x_wconf 88' lang='lat' dir='ltr'><strong>ei</strong></span> <span class='ocrx_word' id='word_1_111' title='bbox 717 1975 779 2058; x_wconf 90' lang='lat' dir='ltr'><strong>ipsi</strong></span> <span class='ocrx_word' id='word_1_112' title='bbox 811 1973 873 2039; x_wconf 92' lang='lat' dir='ltr'><strong>loci</strong></span> <span class='ocrx_word' id='word_1_113' title='bbox 900 1975 1017 2040; x_wconf 87' lang='lat' dir='ltr'><strong>aviris</strong></span> <span class='ocrx_word' id='word_1_114' title='bbox 1044 1975 1145 2040; x_wconf 90' lang='lat' dir='ltr'><strong>doctis</strong></span> <span class='ocrx_word' id='word_1_115' title='bbox 1168 1975 1329 2042; x_wconf 76' lang='lat' dir='ltr'><strong>utilissimi</strong></span> <span class='ocrx_word' id='word_1_116' title='bbox 1353 1977 1452 2042; x_wconf 91' lang='lat' dir='ltr'><strong>habiti</strong></span> 
     </span>
    </p>
   </div>
   <div class='ocr_carea' id='block_1_6' title="bbox 167 2084 1452 2172">
    <p class='ocr_par' dir='ltr' id='par_1_7' title="bbox 167 2084 1452 2172">
     <span class='ocr_line' id='line_1_15' title="bbox 167 2084 1452 2172; baseline 0.005 -25"><span class='ocrx_word' id='word_1_117' title='bbox 167 2103 169 2120; x_wconf 78' lang='lat'>.</span> <span class='ocrx_word' id='word_1_118' title='bbox 287 2089 377 2165; x_wconf 87' lang='lat' dir='ltr'><strong>sunt,</strong></span> <span class='ocrx_word' id='word_1_119' title='bbox 412 2084 526 2167; x_wconf 90' lang='lat' dir='ltr'><strong>quibus</strong></span> <span class='ocrx_word' id='word_1_120' title='bbox 560 2089 592 2149; x_wconf 88' lang='lat' dir='ltr'><strong>et</strong></span> <span class='ocrx_word' id='word_1_121' title='bbox 619 2090 746 2172; x_wconf 89' lang='lat' dir='ltr'><strong>tempus</strong></span> <span class='ocrx_word' id='word_1_122' title='bbox 770 2087 917 2153; x_wconf 86' lang='lat' dir='ltr'><strong>carminis</strong></span> <span class='ocrx_word' id='word_1_123' title='bbox 941 2094 1119 2168; x_wconf 80' lang='lat' dir='ltr'><strong>erueretur,</strong></span> <span class='ocrx_word' id='word_1_124' title='bbox 1156 2092 1186 2152; x_wconf 92' lang='lat' dir='ltr'><strong>et</strong></span> <span class='ocrx_word' id='word_1_125' title='bbox 1214 2089 1305 2169; x_wconf 89' lang='lat' dir='ltr'><strong>anni,</strong></span> <span class='ocrx_word' id='word_1_126' title='bbox 1339 2088 1452 2171; x_wconf 88' lang='lat' dir='ltr'><strong>quibus</strong></span> 
     </span>
    </p>
   </div>
   <div class='ocr_carea' id='block_1_7' title="bbox 285 2192 1459 4386">
    <p class='ocr_par' dir='ltr' id='par_1_8' title="bbox 285 2192 1452 3494">
     <span class='ocr_line' id='line_1_16' title="bbox 288 2192 1452 2289; baseline 0.003 -31"><span class='ocrx_word' id='word_1_127' title='bbox 288 2192 369 2258; x_wconf 87' lang='lat' dir='ltr'><strong>bella</strong></span> <span class='ocrx_word' id='word_1_128' title='bbox 391 2193 444 2258; x_wconf 92' lang='lat' dir='ltr'><strong>illa</strong></span> <span class='ocrx_word' id='word_1_129' title='bbox 458 2200 546 2276; x_wconf 86' lang='lat' dir='ltr'><strong>gesta</strong></span> <span class='ocrx_word' id='word_1_130' title='bbox 567 2195 644 2277; x_wconf 80' lang='lat' dir='ltr'><strong>sint,</strong></span> <span class='ocrx_word' id='word_1_131' title='bbox 670 2195 916 2281; x_wconf 82' lang='lat' dir='ltr'><strong>explorarentur.</strong></span> <span class='ocrx_word' id='word_1_132' title='bbox 951 2196 1048 2289; x_wconf 85' lang='lat' dir='ltr'><strong>Primi</strong></span> <span class='ocrx_word' id='word_1_133' title='bbox 1066 2202 1171 2264; x_wconf 88' lang='lat' dir='ltr'><strong>autem</strong></span> <span class='ocrx_word' id='word_1_134' title='bbox 1187 2198 1220 2262; x_wconf 92' lang='lat' dir='ltr'><strong>in</strong></span> <span class='ocrx_word' id='word_1_135' title='bbox 1237 2199 1452 2282; x_wconf 88' lang='lat' dir='ltr'><strong>quaestionem</strong></span> 
     </span>
     <span class='ocr_line' id='line_1_17' title="bbox 285 2304 1452 2394; baseline 0.005 -26"><span class='ocrx_word' id='word_1_136' title='bbox 285 2304 416 2370; x_wconf 83' lang='lat' dir='ltr'><strong>veniunt</strong></span> <span class='ocrx_word' id='word_1_137' title='bbox 431 2325 540 2370; x_wconf 86' lang='lat' dir='ltr'><strong>versus</strong></span> <span class='ocrx_word' id='word_1_138' title='bbox 559 2308 618 2372; x_wconf 75' lang='lat'><strong>169</strong></span> <span class='ocrx_word' id='word_1_139' title='bbox 634 2326 714 2390; x_wconf 87' lang='lat' dir='ltr'><strong>sqq.‚</strong></span> <span class='ocrx_word' id='word_1_140' title='bbox 738 2307 791 2389; x_wconf 90' lang='lat' dir='ltr'><strong>qui</strong></span> <span class='ocrx_word' id='word_1_141' title='bbox 808 2306 847 2371; x_wconf 91' lang='lat' dir='ltr'><strong>ad</strong></span> <span class='ocrx_word' id='word_1_142' title='bbox 862 2307 1040 2390; x_wconf 82' lang='lat' dir='ltr'><strong>Augustum</strong></span> <span class='ocrx_word' id='word_1_143' title='bbox 1057 2309 1276 2394; x_wconf 85' lang='lat' dir='ltr'><strong>imperatorem</strong></span> <span class='ocrx_word' id='word_1_144' title='bbox 1294 2314 1452 2394; x_wconf 87' lang='lat' dir='ltr'><strong>spectant:</strong></span> 
     </span>
     <span class='ocr_line' id='line_1_18' title="bbox 439 2417 1177 2499; baseline 0.004 -19"><span class='ocrx_word' id='word_1_145' title='bbox 439 2417 492 2480; x_wconf 84' lang='lat' dir='ltr'><strong>Sic</strong></span> <span class='ocrx_word' id='word_1_146' title='bbox 514 2422 643 2482; x_wconf 89' lang='lat' dir='ltr'><strong>assueta</strong></span> <span class='ocrx_word' id='word_1_147' title='bbox 664 2420 730 2481; x_wconf 90' lang='lat' dir='ltr'><strong>tuis</strong></span> <span class='ocrx_word' id='word_1_148' title='bbox 754 2438 877 2499; x_wconf 87' lang='lat' dir='ltr'><strong>semper</strong></span> <span class='ocrx_word' id='word_1_149' title='bbox 899 2419 1042 2482; x_wconf 89' lang='lat' dir='ltr'><strong>Victoria</strong></span> <span class='ocrx_word' id='word_1_150' title='bbox 1063 2422 1177 2484; x_wconf 88' lang='lat' dir='ltr'><strong>castris</strong></span> 
     </span>
     <span class='ocr_line' id='line_1_19' title="bbox 490 2528 1379 2612; baseline 0.007 -22"><span class='ocrx_word' id='word_1_151' title='bbox 490 2528 581 2592; x_wconf 90' lang='lat' dir='ltr'><strong>Nunc</strong></span> <span class='ocrx_word' id='word_1_152' title='bbox 604 2548 729 2608; x_wconf 87' lang='lat' dir='ltr'><strong>quoque</strong></span> <span class='ocrx_word' id='word_1_153' title='bbox 753 2549 786 2594; x_wconf 89' lang='lat' dir='ltr'><strong>se</strong></span> <span class='ocrx_word' id='word_1_154' title='bbox 808 2534 949 2610; x_wconf 90' lang='lat' dir='ltr'><strong>praestet</strong></span> <span class='ocrx_word' id='word_1_155' title='bbox 971 2535 1108 2611; x_wconf 89' lang='lat' dir='ltr'><strong>notaque</strong></span> <span class='ocrx_word' id='word_1_156' title='bbox 1131 2533 1223 2611; x_wconf 81' lang='lat' dir='ltr'><strong>signa</strong></span> <span class='ocrx_word' id='word_1_157' title='bbox 1244 2536 1342 2612; x_wconf 88' lang='lat' dir='ltr'><strong>petat,</strong></span> <span class='ocrx_word' id='word_1_158' title='bbox 1374 2591 1379 2598; x_wconf 87' lang='lat'>.</span> 
     </span>
     <span class='ocr_line' id='line_1_20' title="bbox 439 2638 1244 2722; baseline 0.009 -22"><span class='ocrx_word' id='word_1_159' title='bbox 439 2638 682 2719; x_wconf 81' lang='lat' dir='ltr'><strong>Ausoniumque</strong></span> <span class='ocrx_word' id='word_1_160' title='bbox 705 2641 816 2704; x_wconf 77' lang='lat' dir='ltr'><strong>(lucem</strong></span> <span class='ocrx_word' id='word_1_161' title='bbox 833 2641 937 2715; x_wconf 85' lang='lat' dir='ltr'><strong>solitis</strong></span> <span class='ocrx_word' id='word_1_162' title='bbox 954 2642 1159 2706; x_wconf 84' lang='lat' dir='ltr'><strong>circumvolet</strong></span> <span class='ocrx_word' id='word_1_163' title='bbox 1174 2644 1244 2722; x_wconf 82' lang='lat' dir='ltr'><strong>alis,</strong></span> 
     </span>
     <span class='ocr_line' id='line_1_21' title="bbox 491 2749 1196 2844; baseline 0.009 -34"><span class='ocrx_word' id='word_1_164' title='bbox 491 2749 591 2813; x_wconf 88' lang='lat' dir='ltr'><strong>Ponat</strong></span> <span class='ocrx_word' id='word_1_165' title='bbox 613 2755 644 2814; x_wconf 91' lang='lat' dir='ltr'><strong>et</strong></span> <span class='ocrx_word' id='word_1_166' title='bbox 666 2751 699 2813; x_wconf 91' lang='lat' dir='ltr'><strong>in</strong></span> <span class='ocrx_word' id='word_1_167' title='bbox 722 2751 825 2816; x_wconf 90' lang='lat' dir='ltr'><strong>nitida</strong></span> <span class='ocrx_word' id='word_1_168' title='bbox 847 2753 956 2816; x_wconf 86' lang='lat' dir='ltr'><strong>laurea</strong></span> <span class='ocrx_word' id='word_1_169' title='bbox 979 2757 1064 2816; x_wconf 90' lang='lat' dir='ltr'><strong>serta</strong></span> <span class='ocrx_word' id='word_1_170' title='bbox 1086 2771 1196 2844; x_wconf 54' lang='lat' dir='ltr'><strong>coma„</strong></span> 
     </span>
     <span class='ocr_line' id='line_1_22' title="bbox 441 2859 1366 2944; baseline 0.004 -22"><span class='ocrx_word' id='word_1_171' title='bbox 441 2859 498 2922; x_wconf 88' lang='lat' dir='ltr'><strong>Per</strong></span> <span class='ocrx_word' id='word_1_172' title='bbox 521 2879 614 2939; x_wconf 88' lang='lat' dir='ltr'><strong>quern</strong></span> <span class='ocrx_word' id='word_1_173' title='bbox 638 2862 722 2924; x_wconf 84' lang='lat' dir='ltr'><strong>bella</strong></span> <span class='ocrx_word' id='word_1_174' title='bbox 744 2863 837 2941; x_wconf 83' lang='lat' dir='ltr'><strong>geris,</strong></span> <span class='ocrx_word' id='word_1_175' title='bbox 861 2863 951 2926; x_wconf 87' lang='lat' dir='ltr'><strong>cuius</strong></span> <span class='ocrx_word' id='word_1_176' title='bbox 974 2882 1058 2926; x_wconf 92' lang='lat' dir='ltr'><strong>nunc</strong></span> <span class='ocrx_word' id='word_1_177' title='bbox 1081 2882 1210 2943; x_wconf 91' lang='lat' dir='ltr'><strong>corpore</strong></span> <span class='ocrx_word' id='word_1_178' title='bbox 1233 2883 1366 2944; x_wconf 81' lang='lat' dir='ltr'><strong>pugnas,</strong></span> 
     </span>
     <span class='ocr_line' id='line_1_23' title="bbox 492 2962 1248 3053; baseline 0.007 -22"><span class='ocrx_word' id='word_1_179' title='bbox 492 2962 681 3050; x_wconf 85' lang='lat' dir='ltr'><strong>Auspicium</strong></span> <span class='ocrx_word' id='word_1_180' title='bbox 705 2973 756 3037; x_wconf 90' lang='lat' dir='ltr'><strong>cui</strong></span> <span class='ocrx_word' id='word_1_181' title='bbox 783 2973 840 3036; x_wconf 76' lang='lat' dir='ltr'><strong>(las</strong></span> <span class='ocrx_word' id='word_1_182' title='bbox 862 2975 979 3051; x_wconf 80' lang='lat' dir='ltr'><strong>grande</strong></span> <span class='ocrx_word' id='word_1_183' title='bbox 1003 2975 1140 3053; x_wconf 86' lang='lat' dir='ltr'><strong>deosque</strong></span> <span class='ocrx_word' id='word_1_184' title='bbox 1162 2977 1248 3052; x_wconf 83' lang='lat' dir='ltr'><strong>tuos3</strong></span> 
     </span>
     <span class='ocr_line' id='line_1_24' title="bbox 358 3081 1239 3164; baseline 0.005 -22"><span class='ocrx_word' id='word_1_185' title='bbox 358 3115 361 3122; x_wconf 68' lang='lat'>,</span> <span class='ocrx_word' id='word_1_186' title='bbox 441 3081 644 3161; x_wconf 87' lang='lat' dir='ltr'><strong>Dimidioque</strong></span> <span class='ocrx_word' id='word_1_187' title='bbox 666 3084 714 3146; x_wconf 91' lang='lat' dir='ltr'><strong>tui</strong></span> <span class='ocrx_word' id='word_1_188' title='bbox 737 3103 885 3163; x_wconf 86' lang='lat' dir='ltr'><strong>praesens</strong></span> <span class='ocrx_word' id='word_1_189' title='bbox 909 3089 940 3148; x_wconf 93' lang='lat' dir='ltr'><strong>et</strong></span> <span class='ocrx_word' id='word_1_190' title='bbox 962 3085 1094 3164; x_wconf 86' lang='lat' dir='ltr'><strong>respicis</strong></span> <span class='ocrx_word' id='word_1_191' title='bbox 1117 3085 1239 3163; x_wconf 88' lang='lat' dir='ltr'><strong>urbem,</strong></span> 
     </span>
     <span class='ocr_line' id='line_1_25' title="bbox 494 3191 1239 3274; baseline 0.005 -20"><span class='ocrx_word' id='word_1_192' title='bbox 494 3191 634 3256; x_wconf 86' lang='lat' dir='ltr'><strong>Dimidio</strong></span> <span class='ocrx_word' id='word_1_193' title='bbox 657 3194 767 3272; x_wconf 89' lang='lat' dir='ltr'><strong>procul</strong></span> <span class='ocrx_word' id='word_1_194' title='bbox 790 3213 833 3272; x_wconf 80' lang='lat' dir='ltr'><strong>es,</strong></span> <span class='ocrx_word' id='word_1_195' title='bbox 858 3213 1013 3274; x_wconf 86' lang='lat' dir='ltr'><strong>saevaque</strong></span> <span class='ocrx_word' id='word_1_196' title='bbox 1036 3195 1121 3258; x_wconf 88' lang='lat' dir='ltr'><strong>bella</strong></span> <span class='ocrx_word' id='word_1_197' title='bbox 1143 3195 1239 3272; x_wconf 83' lang='lat' dir='ltr'><strong>geris:</strong></span> 
     </span>
     <span class='ocr_line' id='line_1_26' title="bbox 443 3303 1255 3384; baseline 0.006 -20"><span class='ocrx_word' id='word_1_198' title='bbox 443 3303 503 3366; x_wconf 89' lang='lat' dir='ltr'><strong>Hic</strong></span> <span class='ocrx_word' id='word_1_199' title='bbox 524 3303 585 3366; x_wconf 88' lang='lat' dir='ltr'><strong>tibi</strong></span> <span class='ocrx_word' id='word_1_200' title='bbox 608 3304 654 3366; x_wconf 91' lang='lat' dir='ltr'><strong>sic</strong></span> <span class='ocrx_word' id='word_1_201' title='bbox 676 3305 785 3368; x_wconf 88' lang='lat' dir='ltr'><strong>redeat</strong></span> <span class='ocrx_word' id='word_1_202' title='bbox 807 3309 955 3384; x_wconf 86' lang='lat' dir='ltr'><strong>superato</strong></span> <span class='ocrx_word' id='word_1_203' title='bbox 978 3306 1080 3368; x_wconf 83' lang='grc'><strong>111111</strong></span> <span class='ocrx_word' id='word_1_204' title='bbox 1102 3306 1141 3368; x_wconf 87' lang='lat' dir='ltr'><strong>ab</strong></span> <span class='ocrx_word' id='word_1_205' title='bbox 1165 3306 1255 3369; x_wconf 90' lang='lat' dir='ltr'><strong>hoste</strong></span> 
     </span>
     <span class='ocr_line' id='line_1_27' title="bbox 490 3413 1142 3494; baseline 0.008 -20"><span class='ocrx_word' id='word_1_206' title='bbox 490 3413 589 3492; x_wconf 87' lang='lat' dir='ltr'><strong>inque</strong></span> <span class='ocrx_word' id='word_1_207' title='bbox 612 3415 770 3478; x_wconf 89' lang='lat' dir='ltr'><strong>coronatis</strong></span> <span class='ocrx_word' id='word_1_208' title='bbox 792 3415 913 3493; x_wconf 82' lang='lat' dir='ltr'><strong>lulgeat</strong></span> <span class='ocrx_word' id='word_1_209' title='bbox 934 3416 1019 3477; x_wconf 87' lang='lat' dir='ltr'><strong>altus</strong></span> <span class='ocrx_word' id='word_1_210' title='bbox 1043 3416 1142 3494; x_wconf 77' lang='lat' dir='ltr'><strong>equis,</strong></span> 
     </span>
    </p>

    <p class='ocr_par' dir='ltr' id='par_1_9' title="bbox 291 3519 1459 4386">
     <span class='ocr_line' id='line_1_28' title="bbox 380 3519 1459 3608; baseline 0.006 -24"><span class='ocrx_word' id='word_1_211' title='bbox 380 3519 517 3606; x_wconf 83' lang='lat' dir='ltr'><strong>Exoptat</strong></span> <span class='ocrx_word' id='word_1_212' title='bbox 531 3528 635 3606; x_wconf 70' lang='lat' dir='ltr'><strong>polita,</strong></span> <span class='ocrx_word' id='word_1_213' title='bbox 657 3533 691 3587; x_wconf 92' lang='grc'><strong>11</strong></span> <span class='ocrx_word' id='word_1_214' title='bbox 706 3523 851 3588; x_wconf 83' lang='lat' dir='ltr'><strong>Tiberius</strong></span> <span class='ocrx_word' id='word_1_215' title='bbox 868 3545 885 3590; x_wconf 90' lang='lat' dir='ltr'><strong>e</strong></span> <span class='ocrx_word' id='word_1_216' title='bbox 902 3523 1001 3604; x_wconf 85' lang='lat' dir='ltr'><strong>bellis,</strong></span> <span class='ocrx_word' id='word_1_217' title='bbox 1027 3545 1106 3608; x_wconf 91' lang='lat' dir='ltr'><strong>quae</strong></span> <span class='ocrx_word' id='word_1_218' title='bbox 1122 3526 1341 3608; x_wconf 79' lang='lat' dir='ltr'><strong>congerebat,</strong></span> <span class='ocrx_word' id='word_1_219' title='bbox 1359 3527 1459 3592; x_wconf 89' lang='lat' dir='ltr'><strong>vietor</strong></span> 
     </span>
     <span class='ocr_line' id='line_1_29' title="bbox 297 3631 1454 3718; baseline 0.005 -21"><span class='ocrx_word' id='word_1_220' title='bbox 297 3632 414 3698; x_wconf 89' lang='lat' dir='ltr'><strong>redeat.</strong></span> <span class='ocrx_word' id='word_1_221' title='bbox 451 3631 485 3698; x_wconf 93' lang='lat' dir='ltr'><strong>ln</strong></span> <span class='ocrx_word' id='word_1_222' title='bbox 514 3632 702 3715; x_wconf 89' lang='lat' dir='ltr'><strong>quibusnam</strong></span> <span class='ocrx_word' id='word_1_223' title='bbox 737 3641 838 3700; x_wconf 89' lang='lat' dir='ltr'><strong>antem</strong></span> <span class='ocrx_word' id='word_1_224' title='bbox 863 3635 1045 3715; x_wconf 85' lang='lat' dir='ltr'><strong>regionibns</strong></span> <span class='ocrx_word' id='word_1_225' title='bbox 1069 3636 1145 3702; x_wconf 90' lang='lat' dir='ltr'><strong>haec</strong></span> <span class='ocrx_word' id='word_1_226' title='bbox 1168 3636 1249 3702; x_wconf 89' lang='lat' dir='ltr'><strong>bella</strong></span> <span class='ocrx_word' id='word_1_227' title='bbox 1270 3643 1358 3718; x_wconf 85' lang='lat' dir='ltr'><strong>gesta</strong></span> <span class='ocrx_word' id='word_1_228' title='bbox 1381 3637 1454 3718; x_wconf 90' lang='lat' dir='ltr'><strong>sint,</strong></span> 
     </span>
     <span class='ocr_line' id='line_1_30' title="bbox 294 3743 1455 3830; baseline 0.003 -22"><span class='ocrx_word' id='word_1_229' title='bbox 294 3762 357 3808; x_wconf 93' lang='lat' dir='ltr'><strong>non</strong></span> <span class='ocrx_word' id='word_1_230' title='bbox 374 3743 500 3827; x_wconf 79' lang='lat' dir='ltr'><strong>dicitur,</strong></span> <span class='ocrx_word' id='word_1_231' title='bbox 523 3765 626 3828; x_wconf 90' lang='lat' dir='ltr'><strong>neque</strong></span> <span class='ocrx_word' id='word_1_232' title='bbox 644 3745 796 3812; x_wconf 88' lang='lat' dir='ltr'><strong>habemus</strong></span> <span class='ocrx_word' id='word_1_233' title='bbox 820 3750 935 3810; x_wconf 89' lang='lat' dir='ltr'><strong>certam</strong></span> <span class='ocrx_word' id='word_1_234' title='bbox 960 3747 1125 3828; x_wconf 84' lang='lat' dir='ltr'><strong>rationem,</strong></span> <span class='ocrx_word' id='word_1_235' title='bbox 1150 3767 1210 3830; x_wconf 89' lang='lat' dir='ltr'><strong>qua</strong></span> <span class='ocrx_word' id='word_1_236' title='bbox 1233 3747 1455 3829; x_wconf 89' lang='lat' dir='ltr'><strong>diiudieomus,</strong></span> 
     </span>
     <span class='ocr_line' id='line_1_31' title="bbox 294 3854 1459 3942; baseline 0.004 -25"><span class='ocrx_word' id='word_1_237' title='bbox 294 3861 396 3918; x_wconf 90' lang='lat' dir='ltr'><strong>utrum</strong></span> <span class='ocrx_word' id='word_1_238' title='bbox 425 3854 464 3919; x_wconf 90' lang='lat' dir='ltr'><strong>de</strong></span> <span class='ocrx_word' id='word_1_239' title='bbox 493 3854 572 3920; x_wconf 91' lang='lat' dir='ltr'><strong>bello</strong></span> <span class='ocrx_word' id='word_1_240' title='bbox 604 3855 782 3920; x_wconf 89' lang='lat' dir='ltr'><strong>Pannonico</strong></span> <span class='ocrx_word' id='word_1_241' title='bbox 806 3862 870 3920; x_wconf 93' lang='lat' dir='ltr'><strong>tum</strong></span> <span class='ocrx_word' id='word_1_242' title='bbox 895 3857 1045 3942; x_wconf 88' lang='lat' dir='ltr'><strong>temporis</strong></span> <span class='ocrx_word' id='word_1_243' title='bbox 1069 3858 1207 3922; x_wconf 87' lang='lat' dir='ltr'><strong>nondum</strong></span> <span class='ocrx_word' id='word_1_244' title='bbox 1231 3859 1390 3941; x_wconf 83' lang='lat' dir='ltr'><strong>confecto,</strong></span> <span class='ocrx_word' id='word_1_245' title='bbox 1424 3863 1459 3922; x_wconf 91' lang='lat' dir='ltr'><strong>ut</strong></span> 
     </span>
     <span class='ocr_line' id='line_1_32' title="bbox 294 3963 1455 4050; baseline 0.004 -22"><span class='ocrx_word' id='word_1_246' title='bbox 294 3963 470 4030; x_wconf 88' lang='lat' dir='ltr'><strong>Graeberus</strong></span> <span class='ocrx_word' id='word_1_247' title='bbox 487 3968 530 4050; x_wconf 91' lang='lat' dir='ltr'><strong>(p.</strong></span> <span class='ocrx_word' id='word_1_248' title='bbox 539 3964 606 4048; x_wconf 89' lang='lat' dir='ltr'><strong>Vll)</strong></span> <span class='ocrx_word' id='word_1_249' title='bbox 624 3971 742 4047; x_wconf 81' lang='lat' dir='ltr'><strong>censet,</strong></span> <span class='ocrx_word' id='word_1_250' title='bbox 767 3985 805 4034; x_wconf 86' lang='lat' dir='ltr'><strong>an</strong></span> <span class='ocrx_word' id='word_1_251' title='bbox 824 3965 861 4030; x_wconf 91' lang='lat' dir='ltr'><strong>de</strong></span> <span class='ocrx_word' id='word_1_252' title='bbox 878 3966 965 4032; x_wconf 89' lang='lat' dir='ltr'><strong>clade</strong></span> <span class='ocrx_word' id='word_1_253' title='bbox 983 3967 1118 4032; x_wconf 86' lang='lat' dir='ltr'><strong>Variana</strong></span> <span class='ocrx_word' id='word_1_254' title='bbox 1140 3967 1343 4046; x_wconf 85' lang='lat' dir='ltr'><strong>ulsciscenda¹</strong></span> <span class='ocrx_word' id='word_1_255' title='bbox 1359 3968 1455 4034; x_wconf 86' lang='lat' dir='ltr'><strong>verba</strong></span> 
     </span>
     <span class='ocr_line' id='line_1_33' title="bbox 292 4074 1456 4162; baseline 0.003 -23"><span class='ocrx_word' id='word_1_256' title='bbox 292 4074 502 4156; x_wconf 82' lang='lat' dir='ltr'><strong>intellegenda</strong></span> <span class='ocrx_word' id='word_1_257' title='bbox 536 4077 615 4160; x_wconf 85' lang='lat' dir='ltr'><strong>sint,</strong></span> <span class='ocrx_word' id='word_1_258' title='bbox 650 4083 684 4142; x_wconf 93' lang='lat' dir='ltr'><strong>ut</strong></span> <span class='ocrx_word' id='word_1_259' title='bbox 706 4076 871 4142; x_wconf 87' lang='lat' dir='ltr'><strong>Massonus</strong></span> <span class='ocrx_word' id='word_1_260' title='bbox 895 4080 1059 4144; x_wconf 86' lang='lat' dir='ltr'><strong>contendit</strong></span> <span class='ocrx_word' id='word_1_261' title='bbox 1085 4079 1137 4162; x_wconf 83' lang='lat' dir='ltr'><strong>(ad</strong></span> <span class='ocrx_word' id='word_1_262' title='bbox 1166 4100 1237 4146; x_wconf 88' lang='lat' dir='ltr'><strong>ann.</strong></span> <span class='ocrx_word' id='word_1_263' title='bbox 1261 4079 1320 4162; x_wconf 86' lang='grc'><strong>111,</strong></span> <span class='ocrx_word' id='word_1_264' title='bbox 1349 4082 1384 4162; x_wconf 87' lang='lat'><strong>3,</strong></span> <span class='ocrx_word' id='word_1_265' title='bbox 1411 4080 1456 4162; x_wconf 84' lang='lat'><strong>4.)</strong></span> 
     </span>
     <span class='ocr_line' id='line_1_34' title="bbox 291 4186 1456 4282; baseline 0.005 -30"><span class='ocrx_word' id='word_1_266' title='bbox 291 4186 369 4252; x_wconf 90' lang='lat' dir='ltr'><strong>Nam</strong></span> <span class='ocrx_word' id='word_1_267' title='bbox 400 4187 483 4271; x_wconf 90' lang='lat' dir='ltr'><strong>quod</strong></span> <span class='ocrx_word' id='word_1_268' title='bbox 512 4187 711 4259; x_wconf 86' lang='lat' dir='ltr'><strong>tristissimus</strong></span> <span class='ocrx_word' id='word_1_269' title='bbox 734 4188 787 4254; x_wconf 91' lang='lat' dir='ltr'><strong>ille</strong></span> <span class='ocrx_word' id='word_1_270' title='bbox 815 4209 906 4256; x_wconf 88' lang='lat' dir='ltr'><strong>casus</strong></span> <span class='ocrx_word' id='word_1_271' title='bbox 929 4210 992 4256; x_wconf 93' lang='lat' dir='ltr'><strong>non</strong></span> <span class='ocrx_word' id='word_1_272' title='bbox 1014 4191 1153 4274; x_wconf 90' lang='lat' dir='ltr'><strong>propriis</strong></span> <span class='ocrx_word' id='word_1_273' title='bbox 1184 4190 1289 4260; x_wconf 85' lang='lat' dir='ltr'><strong>verbis</strong></span> <span class='ocrx_word' id='word_1_274' title='bbox 1318 4210 1456 4282; x_wconf 82' lang='lat' dir='ltr'><strong>comme·</strong></span> 
     </span>
     <span class='ocr_line' id='line_1_35' title="bbox 291 4297 1457 4386; baseline 0.002 -22"><span class='ocrx_word' id='word_1_275' title='bbox 291 4305 445 4379; x_wconf 75' lang='lat' dir='ltr'><strong>moratur,</strong></span> <span class='ocrx_word' id='word_1_276' title='bbox 475 4297 548 4362; x_wconf 88' lang='lat' dir='ltr'><strong>inde</strong></span> <span class='ocrx_word' id='word_1_277' title='bbox 575 4318 639 4364; x_wconf 93' lang='lat' dir='ltr'><strong>non</strong></span> <span class='ocrx_word' id='word_1_278' title='bbox 667 4299 823 4383; x_wconf 86' lang='lat' dir='ltr'><strong>sequitur,</strong></span> <span class='ocrx_word' id='word_1_279' title='bbox 854 4306 977 4386; x_wconf 79' lang='lat' dir='ltr'><strong>politam</strong></span> <span class='ocrx_word' id='word_1_280' title='bbox 1007 4301 1046 4366; x_wconf 90' lang='lat' dir='ltr'><strong>de</strong></span> <span class='ocrx_word' id='word_1_281' title='bbox 1069 4321 1105 4366; x_wconf 93' lang='lat' dir='ltr'><strong>eo</strong></span> <span class='ocrx_word' id='word_1_282' title='bbox 1128 4301 1267 4366; x_wconf 89' lang='lat' dir='ltr'><strong>nondum</strong></span> <span class='ocrx_word' id='word_1_283' title='bbox 1292 4302 1457 4368; x_wconf 89' lang='lat' dir='ltr'><strong>certiorem</strong></span> 
     </span>
    </p>
   </div>
   <div class='ocr_carea' id='block_1_8' title="bbox 0 0 1609 5008">
    <p class='ocr_par' dir='ltr' id='par_1_10' title="bbox 0 0 1609 5008">
     <span class='ocr_line' id='line_1_36' title="bbox 0 0 1609 5008; baseline 0 0"><span class='ocrx_word' id='word_1_284' title='bbox 0 0 1609 5008; x_wconf 95' lang='lat' dir='ltr'><strong> </strong></span> 
     </span>
    </p>
   </div>
  </div>
 </body>
</html>
