3184 5008
681 374 889 438 „13-

171 647 174 654 ,
201 539 324 628 scilicet
340 549 404 627 non
422 561 517 627 nimis
534 561 641 626 stricto
656 581 743 627 usus.
793 559 891 638 Quam
907 563 1092 650 sententiam
1107 569 1140 627 nt
1151 583 1366 649 aspernemur,

203 674 400 739 L‘acbmarmi
424 672 619 738 dubitatione
653 670 709 755 (kl.
735 669 848 736 Schrft.
872 691 902 756 p.
929 673 1003 753 150)
1038 673 1120 738 effici
1154 675 1205 738 vix
1238 677 1364 759 poterit,

201 804 272 850 cum
307 785 345 850 de
369 767 617 850 Tibullianorum
658 783 830 847 carminum
867 782 1060 865 collectione,
1095 805 1197 869 aqua
1220 786 1247 850 is
1271 807 1365 868 argu-

196 887 339 960 mentum
363 896 453 980 petit,
478 899 597 959 certum
621 894 771 960 iudicium
798 892 866 958 fieri
890 901 1033 977 nequeat.
1074 894 1223 971 Quamvis
1247 904 1362 978 autem,
1438 935 1440 941 s

201 1026 280 1090 quae
304 1007 519 1091 exposuimus,
543 1025 600 1089 pro
617 1011 700 1069 certo
717 1004 873 1069 allirmare
888 1025 952 1069 non
972 1005 1074 1088 liccat,
1103 1007 1137 1071 id
1153 1008 1262 1073 saltem
1279 1028 1365 1073 oom-

202 1117 368 1201 probatnm
392 1121 452 1196 est,
490 1115 653 1180 Messallae
678 1123 807 1180 mortem
841 1135 905 1180 non
928 1116 1085 1200 pertinere
1108 1117 1147 1181 ad
1170 1118 1203 1182 id
1226 1123 1364 1204 tempus,

201 1247 261 1310 quo
286 1227 417 1291 Ovidius
440 1227 641 1292 undecimum
665 1227 747 1292 vitae
781 1225 912 1293 lustrum
942 1228 1013 1309 egit.
1060 1229 1109 1294 Ad
1132 1249 1245 1294 annum
1270 1233 1366 1311 igitur

199 1338 402 1424 relegationis
427 1339 598 1403 eruendum
620 1337 738 1402 nullum
764 1359 855 1404 usum
877 1338 972 1404 habat
993 1339 1037 1420 id,
1063 1342 1144 1423 quod
1168 1350 1242 1426 post
1271 1342 1364 1406 amici

199 1455 332 1512 mortem
355 1456 480 1534 poetam
505 1469 523 1514 c
546 1449 646 1532 patria
669 1449 845 1514 decessisse
867 1457 998 1515 constat.

286 1671 428 1754 Denique
451 1670 555 1736 clades
580 1671 726 1750 Voriana,
752 1671 886 1755 quaein
924 1673 1062 1737 secundo
1097 1676 1364 1760 sequentibusque

200 1782 340 1848 Tristum
369 1782 459 1847 libris
487 1783 613 1866 saepius
643 1789 914 1865 commemoratur,
946 1784 984 1848 ad
1014 1803 1129 1850 annum
1159 1785 1360 1867 relegationis

86 1920 92 1930 ,
199 1894 369 1958 eruendum
396 1893 481 1958 utilis
512 1894 610 1957 videri
638 1899 750 1976 potest.
793 1892 862 1971 Qua
888 1895 927 1958 de
955 1915 989 1959 re
1017 1915 1087 1959 cum
1116 1896 1268 1962 iudicium
1291 1896 1362 1962 fieri

198 2011 344 2088 nequeat,
361 2005 424 2068 nisi
440 2003 572 2085 singulis
588 2004 664 2068 locis
682 2003 846 2070 Ovidianis
862 2006 1039 2070 accuratius
1056 2009 1205 2088 tractatis,
1232 2010 1357 2091 quando

201 2115 239 2178 ad
262 2135 315 2179 eos
340 2116 426 2200 ipsos
450 2115 624 2199 disputatio
648 2120 758 2179 nostra
780 2119 969 2198 pervenerit,
994 2116 1104 2182 molius
1128 2125 1245 2198 agetur.

283 2335 432 2400 Destituti
464 2337 561 2417 igitur
589 2344 620 2402 et
647 2337 773 2402 disertis
800 2339 951 2422 temporis
980 2340 1105 2405 indiciis
1134 2347 1164 2405 ot
1191 2343 1360 2427 praesidiis

190 2465 216 2534 „0
238 2467 341 2510 rarum
367 2449 518 2512 memoria
540 2447 694 2532 petendis,
720 2469 793 2512 num
811 2449 1027 2514 ratiocinando
1052 2450 1172 2534 aliquid
1187 2454 1360 2538 profecturi

198 2558 308 2640 simus,
334 2560 540 2642 experiamur.
578 2557 625 2622 Ea
647 2567 748 2624 aulem
773 2558 840 2624 sola
864 2559 971 2624 relicta
993 2567 1040 2626 est
1062 2564 1124 2640 via,
1149 2571 1183 2627 ut
1203 2565 1297 2630 unius
1321 2586 1359 2630 ex

198 2670 244 2732 ais
269 2669 471 2750 carminibus,
497 2689 575 2752 quae
599 2677 713 2752 quanto
738 2673 947 2755 postpositae
970 2672 1074 2753 lugam
1098 2677 1273 2760 composita
1296 2678 1360 2742 sint

198 2789 338 2863 constat,
373 2788 513 2866 tempore
548 2782 609 2845 alia
642 2783 763 2846 ratione
795 2782 959 2864 indagata,
996 2784 1122 2850 calculis
1158 2787 1386 2868 relegationis

199 2912 315 2956 annum
340 2913 494 2958 eruamus

282 3007 329 3068 Ac
358 3003 500 3088 Moyarus
526 3004 663 3088 (plau)
699 3005 824 3088 quidem
858 3006 891 3070 in
926 3026 1014 3070 usum
1036 3009 1174 3072 -vocavit
1209 3008 1354 3074 ultimum

198 3135 306 3179 eorum
330 3114 479 3195 locorum,
504 3135 582 3198 quos
606 3135 702 3199 supra
724 3117 966 3201 perscripsimus
990 3138 1027 3182 ex
1050 3116 1084 3184 P.
1101 3117 1152 3200 lV,
1171 3121 1221 3202 13,
1241 3121 1282 3184 39
1298 3141 1359 3204 sq.:

350 3277 357 3291 .
382 3278 387 3291 .
414 3277 421 3291 .
445 3278 452 3292 .
477 3226 533 3290 scd
557 3227 703 3306 maiam,
728 3225 818 3308 Care,
843 3227 937 3291 nivali

399 3333 493 3398 Sexta
514 3332 685 3413 relegatum
709 3331 819 3398 bruma
841 3334 898 3398 sub
922 3355 979 3398 axo
1003 3335 1098 3400 videt.

280 3442 378 3520 Quaem
395 3443 561 3510 Massones
577 3445 633 3528 (ad
649 3466 720 3511 ann.
737 3444 790 3526 lll,
808 3445 858 3526 lll,
876 3447 919 3528 2.)
939 3467 1062 3532 quoque
1086 3448 1200 3531 attulit,
1225 3451 1280 3514 sed
1304 3450 1358 3531 ita,

196 3561 229 3618 ut
251 3553 314 3618 non
337 3575 373 3620 eo
403 3554 469 3620 solo
494 3561 640 3622 uteretur.
685 3555 860 3641 Epistolam
890 3563 992 3622 autem
1027 3578 1063 3624 ex
1085 3557 1119 3624 P.
1147 3557 1198 3641 lV,
1226 3551 1360 3646 lhpost
1473 3585 1496 3602 *-

195 3667 331 3746 Augusti
355 3672 486 3730 mortem
510 3674 608 3730 ortam
639 3689 718 3748 cose,
748 3667 881 3733 efficitur
904 3669 1046 3734 versibus
1072 3671 1111 3734 19
1134 3691 1214 3754 sqq,
1244 3673 1357 3757 quibus

196 3778 297 3858 agitur
320 3777 358 3841 de
389 3779 526 3842 carmine
550 3778 653 3862 aliquo
677 3781 715 3843 ab
745 3778 857 3843 Ouidio
882 3779 991 3844 Getica
1013 3781 1120 3861 lingua
1147 3783 1178 3846 in
1208 3783 1358 3848 bonorem

190 3888 395 3973 imperatoris
419 3890 500 3972 inter
523 3889 598 3954 deos
620 3891 736 3974 recepti
754 3892 939 3974 composito.
962 3895 1110 3956 Attamen
1135 3913 1235 3976 neque
1259 3893 1355 3960 ullum

195 4000 353 4064 invonitur
386 4001 548 4080 indicium,
585 4022 645 4084 quo
682 4003 913 4088 comprobetur,
948 4003 1082 4087 primam
1117 4013 1188 4088 post
1220 4007 1355 4086 Augusti

172 4101 176 4107 ’
195 4118 326 4175 mortem
351 4111 485 4176 hiemem
503 4113 663 4177 etiamtum
681 4115 802 4195 adesse,
819 4133 920 4196 neque
939 4113 1102 4193 habemur,
1126 4135 1186 4198 quo
1203 4116 1356 4182 diiudica-

198 4242 279 4303 mus,
304 4229 406 4287 utrum
429 4223 578 4306 „bruma“
603 4224 744 4289 hocloco
761 4225 1025 4304 significettotam
1043 4226 1188 4308 hiemem,
1216 4247 1254 4292 an
1273 4228 1357 4294 diem

141 4322 144 4328 ’
195 4332 323 4399 solstitii
348 4334 500 4401 hiemalis.
546 4335 732 4418 Ambiguum
768 4337 849 4400 enim
884 4356 954 4400 esse
982 4337 1067 4401 vocis
1096 4337 1355 4418 significationem
