3184 5008
652 385 869 489 753-

180 591 277 640 causa
304 571 446 654 indagari
474 578 594 658 potest,
623 591 679 640 cur
706 573 873 658 desciverit
898 579 992 660 poeta
1019 573 1058 640 ab
1086 594 1122 640 10
1150 594 1253 659 more,
1282 595 1347 660 quo

181 683 366 768 ceteroquin
394 684 535 769 perfecta
562 690 595 750 et
617 683 759 752 absoluta
780 704 877 770 opera
899 685 991 752 edere
1013 685 1124 752 solitus
1146 692 1208 768 est,
1236 707 1275 752 ne
1298 693 1347 752 est

82 867 85 872 ,
180 794 311 880 quidem
328 813 365 860 11
380 794 534 880 epistolae
556 794 595 878 11,
620 798 653 860 11
681 802 805 878 111111,
829 802 864 860 11
884 801 982 862 totum
1005 796 1120 862 librum
1143 816 1180 864 aa
1202 797 1346 864 concludi

180 911 266 972 recte
293 910 480 972 statuamus.
525 905 608 984 Quid
637 906 719 972 enim
749 906 873 972 efficere
900 907 976 972 velit
1001 913 1110 994 posta,
1140 907 1345 993 sequentibus

185 1015 330 1083 versibus
353 1018 484 1102 exponit
499 1037 526 1084 v.
542 1019 567 1082 3.
578 1037 639 1102 sq:

334 1128 387 1208 111,
411 1148 605 1209 quamquam
627 1130 720 1208 longa
733 1132 811 1200 ,1010
834 1148 946 1192 sumus
969 1131 1044 1194 orbe
1066 1132 1189 1210 remoti,

384 1240 472 1304 Scire
493 1244 602 1304 tamen
623 1240 738 1320 poesie,
761 1257 819 1304 101
836 1241 1025 1304 ‘meminisse
1046 1243 1105 1322 tui.
1219 1223 1220 1228 ἵ

273 1349 460 1418 Memoriam
482 1355 584 1416 autem
601 1349 687 1414 illam
704 1349 765 1416 lide
783 1355 814 1415 11
829 1349 989 1416 beneficiis
1006 1370 1024 1415 1
1039 1349 1117 1416 Rufo
1134 1356 1346 1438 comparatam

185 1481 273 1543 1111,
308 1467 412 1526 cetere
444 1461 592 1526 carminis
624 1466 714 1546 parte
743 1461 918 1528 edocemur.
966 1459 1013 1527 De
1046 1481 1141 1547 opere
1169 1462 1208 1528 11
1235 1461 1348 1528 Rufum

183 1572 283 1638 misso
305 1571 351 1637 nil
374 1571 517 1638 adicitur.
555 1575 598 1637 At
618 1572 826 1657 inspiciamus
851 1571 1000 1638 Tristium
1023 1571 1097 1638 libri
1119 1571 1160 1638 111
1183 1573 1347 1658 epistolam

186 1684 240 1766 14,
272 1703 368 1766 quae,
398 1683 425 1748 si
453 1681 616 1750 Woelffelii
645 1684 832 1750 sententiam
862 1682 1038 1766 sequimur,
1067 1683 1175 1749 eodem
1204 1684 1347 1768 consilio,

184 1813 246 1878 quo
271 1787 404 1884 epistole
427 1793 466 1858 ad
490 1792 601 1858 Rufum
626 1793 709 1873 1111,
732 1793 842 1858 ultimo
858 1792 931 1858 libri
946 1792 1014 1858 loco
1030 1795 1134 1879 posita
1150 1799 1206 1861 est.
1229 1793 1348 1872 *Quan-

183 1913 248 1971 tam
267 1903 312 1968 ibi
336 1923 463 1989 operam
487 1895 777 1989 contempseram
801 1905 973 1970 carminum
997 1924 1137 1988 snorum,
1161 1924 1241 1989 quae
1256 1907 1348 1971 111110

183 2014 265 2081 libro
294 2015 511 2093 continentur,
534 2020 657 2084 ,natura
688 2015 901 2099 nascendique
934 2015 1119 2082 condicione
1151 2015 1349 2101 explicanda!

185 2124 390 2211 Quantopere
425 2126 457 2190 in
486 2125 546 2191 hoc
573 2132 755 2207 argumento
784 2132 850 2190 tota
876 2125 1010 2212 epistola
1036 2132 1192 2208 versatur,
1226 2127 1351 2208 ceteris,

185 2257 269 2322 quae
299 2237 338 2302 ad
367 2237 476 2318 amici,
505 2237 558 2320 qui
586 2235 780 2322 appellatur,
812 2255 979 2321 personam
1007 2237 1182 2321 pertinent,
1217 2235 1352 2302 breviter

183 2349 342 2434 peractisl
370 2345 573 2414 0011111111
601 2350 703 2430 imago
731 2347 917 2413 brevissimo
941 2346 1079 2412 carmine
1102 2346 1181 2412 eatis
1204 2352 1349 2412 accurate

61 2531 63 2536 ¹
107 2469 109 2474 '
187 2458 401 2526 adumbratur.
440 2457 526 2536 Quae
542 2460 568 2524 11
585 2458 831 2539 consideremus,
855 2458 933 2523 haec
948 2457 1010 2523 duo
1027 2457 1164 2522 carmina
1179 2463 1349 2540 11111011,

186 2589 279 2650 sono,
303 2574 499 2652 argumento,
523 2570 568 2634 ita
588 2568 720 2636 consilio
742 2589 865 2654 quoque
885 2567 978 2654 plane
999 2569 1124 2634 diversa
1145 2589 1215 2648 esse
1237 2588 1354 2651 cogno·

183 2682 318 2762 scimus,
343 2678 573 2765 epistolamque
587 2679 666 2745 Ruso
682 2680 810 2746 misaam
827 2680 866 2745 de
882 2699 920 2745 ea
935 2679 1097 2761 dignitate,
1121 2698 1212 2762 quem
1237 2677 1351 2746 Woell·

184 2791 282 2857 lelius
305 2791 334 2855 ci
356 2790 538 2872 vindicavit,
573 2790 753 2856 deiciemus.
799 2788 888 2867 Quod
915 2789 1000 2854 nullo
1024 2789 1117 2855 modo
1140 2789 1241 2855 facere
1263 2795 1351 2854 vota-

183 2922 255 2968 mur
279 2902 424 2986 ,operis“
449 2901 576 2966 nomine
598 2901 629 2964 11
653 2899 751 2966 altero
773 2921 866 2965 vorsu
888 2905 1054 2985 usurpato.
1097 2899 1175 2966 Nam
1205 2900 1345 2982 singulae

184 3033 315 3098 qnoque
336 3013 485 3099 epistolas
508 3012 567 3077 hoc
584 3010 734 3077 vocabulo
757 3030 851 3096 posse
875 3009 1045 3092 significari
1067 3010 1243 3075 ostenditur
1265 3009 1347 3076 loco:

187 3123 291 3209 Epist.
315 3124 462 3209 Sapphus
484 3145 512 3188 v.
528 3124 558 3188 4.

340 3236 401 3316 Α1,
424 3238 487 3299 1111
508 3237 640 3315 legisses
663 3235 801 3298 auctoris
824 3234 954 3298 nomina
975 3231 1134 3313 Sapphus,

390 3346 458 3408 Hoc
479 3348 573 3410 breve
595 3345 733 3408 nescires
754 3345 838 3408 unda
861 3347 1006 3408 movetur
1027 3358 1124 3425 apuu.

274 3455 381 3538 Neque
408 3455 526 3519 maiore
553 3455 635 3536 iure,
666 3473 758 3536 quam
786 3453 861 3518 huic
882 3453 1033 3538 epistolae
1057 3452 1188 3538 epilogi,
1216 3451 1349 3516 carmini

185 3565 295 3651 primo
319 3565 402 3630 tertii
426 3564 498 3630 libri
520 3563 608 3632 locus
631 3565 783 3649 prooemii
807 3563 909 3646 datur,
934 3582 1120 3648 quamquam
1144 3562 1350 3646 111111011-

186 3675 257 3741 dem
300 3677 402 3742 omnis
435 3675 557 3760 species
591 3675 688 3740 deest
743 3673 821 3740 Nam
854 3673 978 3739 videtur
1017 3672 1348 3762 111111,11111111111

185 3786 359 3854 similitudo
393 3787 474 3850 inter
507 3785 566 3851 boc
598 3805 723 3852 carmen
757 3790 789 3850 et
821 3784 962 3850 ultimam
996 3783 1146 3849 Tristinm
1185 3782 1349 3869 epistolam

186 3897 238 3981 (V,
265 3899 349 3980 14.)‚
381 3916 477 3981 quae,
511 3897 586 3980 quid
612 3897 762 3980 ponderis
789 3895 918 3962 haberet
945 3902 976 3961 et
1002 3900 1183 3977 argumento
1213 3901 1244 3959 ct
1269 3893 1350 3977 loco,

187 4027 245 4076 sno
271 4014 411 4093 temporo
435 4007 648 4093 exposuimus.
686 4007 823 4092 Utraque
845 4008 927 4073 enim
952 4004 1085 4094 epistola
1108 4026 1186 4071 11101
1206 4001 1352 4070 laudatur

186 4125 219 4184 et
253 4119 455 4200 admonetur,
489 4119 535 4184 ita
567 4124 602 4182 ut
635 4117 778 4184 adhunc
805 4117 1003 4184 Ponticarum
1031 4115 1234 4202 epistolarum
1269 4113 1350 4180 liber

186 4230 299 4295 tertius
323 4228 460 4310 delegari
484 4229 637 4295 videatur.
683 4227 747 4294 Sed
776 4235 909 4294 mentem
934 4233 1044 4312 poetae
1066 4227 1119 4292 hio
1140 4226 1233 4312 plana
1256 4224 1374 4291 aliem

189 4339 301 4416 111111,
325 4361 418 4425 quem
435 4360 503 4406 oum
521 4339 672 4406 Tristium
696 4337 785 4404 libris
808 4335 861 4403 illo
884 4339 1022 4408 carmine
1044 4336 1138 4402 linem
1162 4336 1351 4421 imponeret,
