3184 5008
750 355 957 420 ,44-

265 557 349 604 anuo
380 539 473 612 idid}
506 544 691 609 numerandi
727 543 820 610 sunt?
865 540 913 604 De
946 540 1040 604 tantis
1076 539 1312 606 difficultatibus
1347 541 1430 626 apud

270 648 477 716 Brandesium
501 653 627 735 quidem
652 654 748 720 altum
772 653 948 719 silentium!

354 760 505 828 Loersius
529 765 664 848 denique
686 771 728 850 (p
749 766 800 848 11)
828 762 913 828 solus
937 762 975 827 de
999 739 1150 848 epistolae
1173 762 1225 843 IV,
1251 763 1268 828 7
1293 769 1435 846 tempore

268 891 336 936 eam
361 876 548 940 sententiam
572 876 712 961 protulit,
737 896 828 959 quam
847 894 918 938 mox
941 873 1125 938 confirmare
1141 873 1333 938 conabimur.
1372 872 1435 937 Sed

267 982 300 1048 id
335 983 364 1048 ei
397 985 607 1050 ratiocinandi
635 988 871 1054 tundamentum
907 992 971 1064 est,
1005 993 1040 1049 ut
1072 989 1198 1069 potitam
1224 985 1313 1067 „sine
1337 984 1432 1049 dubio

266 1093 373 1159 adulto
403 1096 465 1160 iam
493 1117 565 1162 vere
594 1118 620 1163 a.
646 1099 707 1162 763
734 1098 879 1162 demum”
910 1098 942 1160 in
966 1096 1127 1182 Scythium
1153 1096 1336 1180 pervenisse
1360 1114 1432 1160 con·

267 1205 386 1272 tendat.
431 1205 532 1282 Unde,
558 1209 680 1274 etiamsi
704 1210 915 1274 certissimum
939 1214 1034 1288 esset,
1058 1208 1097 1272 de
1120 1207 1269 1271 carminis
1291 1213 1433 1290 tempore

268 1315 311 1378 nil
335 1319 485 1400 consequi
509 1319 685 1403 apparebit.

353 1427 414 1492 iam
439 1429 501 1512 ipsi
525 1436 616 1494 cauto
639 1431 720 1514 pede
744 1431 845 1513 quarti
868 1429 940 1495 libri
963 1430 1102 1494 earmina
1126 1428 1360 1513 perlustramus.

352 1537 386 1602 ln
410 1539 511 1623 primo
536 1545 640 1606 autem
665 1542 769 1605 statim
793 1541 930 1606 carmine
954 1541 1016 1605 duo
1038 1539 1099 1606 loci
1116 1546 1293 1617 occurrunt,
1318 1540 1371 1622 qui
1392 1559 1429 1602 ne

268 1649 343 1730 quid
381 1651 635 1732 praetermisisse
659 1652 836 1729 videamur,
873 1651 947 1735 quid
972 1651 1104 1730 valeant,
1141 1650 1353 1734 quaerendum
1379 1660 1435 1714 est.

268 1756 407 1824 Primum
432 1767 526 1845 poeta
548 1763 621 1828 inde
645 1783 774 1828 averso
798 1765 838 1826 er
862 1763 1016 1848 plurimus
1041 1771 1089 1828 est
1111 1765 1142 1828 in
1166 1762 1331 1847 periculis,
1356 1781 1436 1845 quae

271 1869 399 1936 atietis
428 1879 539 1936 terram
571 1894 664 1958 saepe
694 1873 959 1958 depopulantibus
988 1874 1186 1952 immineant,
1217 1871 1435 1958 depingendis.

267 1979 354 2057 Quae
383 2001 452 2046 oum
481 1983 611 2048 hiberno
643 1985 778 2050 maxime
806 1994 947 2070 tempore
977 1985 1141 2050 subeunda
1156 1984 1262 2048 ‘fuisse
1285 1986 1435 2063 sciamus,

268 2092 402 2158 fortasse
425 2094 498 2159 inde
522 2098 674 2180 temporis
699 2097 850 2162 indicium
875 2096 989 2179 aliquis
1013 2096 1257 2180 deprompturos
1280 2097 1329 2160 sit.
1374 2093 1435 2158 Sed

268 2223 370 2286 neque
404 2214 537 2281 constat,
571 2205 628 2270 hae
662 2205 728 2272 sola
762 2208 836 2271 anni
870 2213 957 2292 parte
981 2205 1075 2271 Getas
1109 2206 1265 2272 timendas
1288 2205 1435 2285 fuisoeb,

268 2334 370 2397 neque
395 2316 534 2380 destituti
559 2337 667 2382 sumus
691 2316 899 2402 explicatione
922 2318 954 2381 in
982 2318 1093 2382 ultimo
1122 2336 1247 2400 quoque
1262 2315 1333 2380 libri
1350 2315 1433 2380 tertii
1477 2381 1479 2386 ,

269 2428 407 2491 carmine
441 2428 599 2507 adhibita,
634 2448 695 2511 qua
723 2434 857 2513 apoteta
880 2449 974 2494 unum
1000 2429 1094 2512 idque
1117 2428 1288 2492 maximum
1312 2447 1328 2490 e
1352 2428 1431 2490 scri·

268 2536 361 2600 baudi
392 2538 626 2623 impedimentis
655 2542 893 2604 commemorari
923 2541 1105 2619 statuimus,
1135 2545 1170 2604 ut
1193 2557 1272 2622 quae
1295 2539 1436 2604 inessent

269 2648 300 2712 io
336 2657 400 2712 toto
434 2649 514 2714 libro
548 2651 624 2714 vitia
658 2660 890 2717 excusarentur.
937 2650 1002 2715 Hoc
1037 2652 1119 2716 enim
1144 2659 1276 2733 utroque
1298 2650 1437 2714 carmine

173 2751 175 2756 ’
268 2757 401 2825 Ovidius
425 2762 551 2844 assequi
580 2761 694 2826 studet.
718 2799 759 2810 —

356 2870 576 2955 Descriptione
601 2879 702 2938 autem
727 2873 779 2937 illa
802 2873 945 2940 absoluta
967 2874 1014 2938 sio
1036 2873 1139 2957 pergit
1161 2893 1188 2938 v.
1208 2872 1258 2936 85.

420 2983 479 3048 Hic
502 3003 559 3063 ego
582 2985 738 3050 sollicitae
761 2987 847 3050 iaoos
870 3004 972 3049 nouus
994 2986 1099 3049 incole
1122 2985 1220 3048 sedis:

351 3093 473 3170 Quibus
497 3095 600 3160 verbis
617 3094 760 3179 Meyerus
785 3098 828 3181 (p.
841 3096 904 3160 45ss
927 3102 958 3161 et
974 3095 1051 3174 459)
1066 3093 1145 3160 edici
1163 3101 1281 3176 censet,
1306 3112 1431 3160 carmen

268 3205 362 3268 etiam
399 3225 481 3269 anno
511 3207 626 3279 763th
660 3208 868 3290 compositum
903 3227 989 3285 esse,
1024 3206 1107 3289 quod
1140 3205 1326 3289 insequente
1354 3223 1435 3269 auno

272 3321 367 3400 poeta
389 3337 502 3382 novum
527 3316 661 3382 incolam
686 3339 719 3382 se
743 3317 903 3402 appellare
924 3318 987 3382 iam
1002 3336 1065 3382 non
1083 3318 1248 3401 potuisset.
1286 3316 1348 3382 Sed
1366 3316 1437 3398 quis

267 3431 331 3490 tam
361 3427 553 3492 confidenter
580 3435 703 3508 utatur,
732 3429 855 3510 verbis,
884 3428 999 3511 quibus
1023 3435 1118 3513 poeta
1141 3435 1260 3492 certum
1285 3426 1436 3512 temporis

268 3535 421 3604 indicium
438 3559 477 3603 ne
488 3538 592 3604 uoluit
607 3540 733 3624 quidem
750 3541 875 3604 faeere?
909 3540 1018 3606 Nonne
1034 3541 1241 3606 conveniebat
1256 3541 1296 3621 ei,
1320 3557 1437 3603 novum

268 3668 302 3714 se
326 3648 458 3713 incolam
483 3650 604 3730 dicere,
635 3652 688 3735 qui
712 3651 851 3716 nondum
876 3649 1029 3716 molestiis
1057 3651 1141 3716 iliius
1167 3651 1304 3732 regionis
1327 3669 1436 3714 assue-

267 3761 370 3826 factus
404 3763 503 3843 esset,
538 3761 612 3828 lieet
644 3763 707 3827 iam
742 3783 799 3847 per
832 3761 998 3848 conplures
1028 3783 1126 3829 annos
1157 3763 1201 3828 ibi
1225 3760 1433 3828 habitaverit?

270 3869 436 3938 Praeterea
460 3893 580 3956 „novus
603 3875 725 3940 ineola”
754 3873 827 3939 talis
863 3893 987 3958 quoque
1010 3881 1114 3960 potest
1135 3872 1303 3959 appellari,
1334 3870 1436 3956 qualis

271 3984 374 4050 adhue
396 3983 461 4050 illie
483 4005 546 4048 non
568 3986 656 4050 visus
680 3986 731 4051 sit.

267 4109 469 4118 -.-—--——

338 4156 359 4224 ¹)
380 4155 428 4212 cir.
446 4155 528 4211 Trist.
542 4153 573 4224 V,
593 4155 616 4223 2,
634 4157 667 4211 71
687 4173 740 4228 sq.:

473 4251 529 4305 Pax
546 4253 638 4304 tamen
655 4251 792 4306 interdum
810 4255 859 4318 est,
878 4252 953 4322 pacis
971 4250 1071 4306 fiducia
1086 4265 1231 4320 nunqnam.

525 4345 570 4400 Sic
589 4345 632 4399 hie
650 4361 722 4399 nuno
741 4347 852 4415 patitur,
870 4363 940 4400 nuno
961 4347 1038 4399 timet
1056 4361 1131 4398 arma
1150 4343 1235 4398 loeus.
