3178 5018
655 323 950 440 -rass

175 563 334 646 habitare,
367 583 470 648 neque
504 560 600 628 semel
625 561 727 626 'domo
751 561 901 646 epistolas
924 561 1101 646 accepisse,
1137 559 1339 627 statuentium

175 675 217 740 sit
237 675 310 740 ub
333 694 394 758 sq.:
596 763 598 766 Ι

326 786 392 850 Nee
416 773 591 866 quiequam
609 787 649 848 ad
671 789 797 848 nostras
819 786 962 865 pervenit
977 785 1123 848 acerbius
1147 801 1249 863 aures,

378 897 421 961 Ut
445 913 557 960 sumus
579 898 611 959 in
635 897 745 973 Ponto,
768 896 1002 976 perveniatque,
1026 893 1147 976 precor!

196 1033 198 1037 ·
259 1008 294 1073 ln
330 1008 440 1072 ultima
474 1008 610 1090 denique
642 1006 737 1090 primi
765 1004 838 1070 libri
861 1004 996 1090 epistola
1018 1025 1053 1070 se
1075 1003 1233 1070 continuis
1257 1004 1340 1069 euris
1417 1029 1419 1036 ’

175 1097 478 1202 iam'languesoere,
501 1117 622 1184 indieat
643 1120 709 1184 v.3
732 1138 793 1200 sq.:
1008 1100 1010 1103 ¹

328 1233 453 1310 Longus
476 1215 561 1294 enim
583 1231 668 1294 euris
689 1231 839 1294 vitiatum
863 1249 977 1311 eorpus
1000 1231 1116 1294 amaris

379 1342 448 1406 Non
471 1343 593 1422 patitur
616 1343 697 1406 vires
718 1343 854 1420 languor
875 1344 991 1408 habere
1013 1360 1098 1405 suas.

175 1451 348 1536 eodemque
372 1451 476 1532 modo,
501 1457 537 1517 nt
552 1471 648 1536 supra
663 1453 695 1516 in
713 1451 847 1536 epistola
863 1461 972 1535 quarta
987 1453 1099 1516 faeiem
1118 1468 1206 1516 suam
1225 1452 1340 1516 immu-

176 1567 271 1626 tatam
296 1583 365 1628 esse
389 1562 498 1628 scribit
520 1583 548 1626 v.
573 1564 613 1627 25
636 1583 698 1646 sq.:

261 1673 369 1760 Neque
404 1674 508 1738 minna
541 1675 574 1737 in
610 1674 747 1738 seeundo
771 1683 802 1739 et
823 1674 916 1739 tertio
939 1674 1018 1739 libro
1042 1680 1169 1759 praeter
1190 1673 1341 1758 triumphi

176 1785 525 1868 commemorationem,
561 1785 599 1850 de
634 1805 695 1868 qua
728 1804 800 1850 mon
833 1792 958 1866 agetur,
991 1785 1142 1850 nonnulla
1164 1786 1232 1850 eins
1256 1783 1342 1850 modi

174 1895 294 1960 indicia
316 1901 493 1962 ooourrunt.
538 1895 631 1960 Velut
652 1915 690 1961 er
713 1896 864 1980 epistolae
887 1898 999 1962 tertiae
1022 1917 1114 1960 versu
1138 1898 1188 1962 63.

329 2009 410 2072 Turn
432 2014 489 2072 tue
510 2029 561 2072 me
583 2011 722 2088 primum
745 2011 842 2072 solari
867 2011 1004 2089 epistola
1026 2011 1138 2089 eoepit.

699 2139 724 2184 e.
749 2140 777 2200 q.
802 2139 827 2183 s.

178 2230 408 2312 condedimus,
433 2231 572 2312 Cottam,
597 2231 646 2294 eui
671 2230 747 2296 haee
770 2231 964 2309 scribuntur,
989 2231 1092 2316 prima
1115 2229 1242 2295 sceleris
1267 2228 1342 2294 Ovi-

178 2341 263 2406 diani
279 2343 326 2405 ire
341 2349 415 2427 post
427 2341 619 2435 aliquantum
633 2341 760 2407 demum
773 2343 925 2426 temporis
938 2342 1082 2426 deposita
1095 2343 1146 2425 (el.
1159 2362 1189 2408 v,
1202 2341 1240 2404 er
1249 2340 1343 2425 -66)

176 2454 238 2518 iam
264 2454 380 2518 dudum
405 2453 519 2518 litteris
542 2453 649 2518 missis
673 2447 794 2521 solandi
818 2473 931 2518 munus
955 2454 1144 2538 suscepisse.

262 2564 365 2628 Etiam
381 2563 520 2648 apertius
540 2564 694 2629 diutinam
715 2565 777 2628 iam
801 2563 1008 2630 calamitatem
1033 2570 1157 2648 poetam
1181 2570 1342 2649 expertum

178 2695 264 2757 esse,
299 2677 328 2740 ei
361 2675 513 2760 epistolae
548 2675 701 2759 septimae
736 2695 844 2740 versus
880 2675 1077 2758 signilioant,
1113 2675 1227 2759 quibus
1255 2695 1344 2760 spem

179 2787 289 2852 salutis
313 2807 331 2851 a
354 2807 386 2851 se
409 2788 471 2850 iam
497 2786 671 2870 depositam
697 2807 766 2850 esse
789 2786 874 2853 dioit.
923 2789 961 2851 ll
977 2807 1037 2870 sq.:

331 2900 398 2963 lam
422 2901 501 2963 mihi
523 2902 590 2962 tata
611 2901 713 2978 liquet
737 2904 864 2980 coeptos
888 2901 1048 2963 servantia
1070 2919 1182 2963 eursus

381 3011 440 3074 Per
462 3013 524 3074 sibi
548 3015 715 3074 eonsuetas
739 3030 863 3092 semper
885 3013 971 3076 itura
992 3011 1071 3089 vias,

596 3142 622 3185 e.
646 3141 675 3200 q.
699 3141 723 3184 a.
769 3123 806 3184 ei.
831 3123 926 3185 utu.

265 3232 334 3298 Non
351 3252 450 3316 aeque
467 3239 569 3296 antem
587 3241 670 3295 eerto
687 3237 780 3317 poeta
802 3234 835 3296 in
860 3237 1010 3315 sequente
1034 3231 1166 3316 epistola
1188 3231 1347 3317 posterius

123 3393 125 3396 -
180 3345 265 3411 exilii
288 3353 412 3430 tempus
435 3349 539 3423 notat,
565 3363 653 3424 eum,
679 3343 823 3408 Caesaris
846 3344 984 3424 imagine
1007 3345 1040 3408 in
1063 3362 1190 3408 nummo
1215 3363 1233 3407 a
1256 3343 1348 3408 Cotta
1383 3345 1386 3350 “

179 3458 365 3522 transmisso
389 3463 527 3541 aspectu,
552 3457 641 3522 dioit:
676 3476 704 3520 v,
723 3457 759 3520 11

332 3569 383 3632 An
406 3567 548 3632 tandem
572 3570 661 3645 rerlii7
684 3588 741 3631 nee
764 3587 814 3632 me
836 3573 923 3632 tenet
946 3569 1062 3631 ultima
1083 3568 1179 3631 tellus

633 3700 649 3743 e
684 3702 712 3760 q.
741 3699 765 3742 s.
792 3729 798 3742 .
824 3729 829 3742 .
856 3679 898 3742 .?

265 3791 357 3869 Quod
385 3809 509 3855 carmen
538 3809 608 3854 oum
634 3791 798 3870 conderet,
827 3796 951 3874 poetam
981 3790 1020 3854 de
1045 3787 1165 3852 Tiberii
1189 3786 1348 3871 triumpho

182 3903 322 3968 nondum
346 3903 510 3968 oertiorem
533 3902 649 3966 tautum
673 3902 783 3982 fuisse,
808 3907 920 3986 postea
942 3899 1118 3966 alienemus.

267 4013 365 4080 Paulo
395 4013 465 4100 plus
492 4013 613 4096 valent,
649 4033 728 4097 quae
762 4014 794 4077 io
815 4012 963 4098 epistola
994 4012 1116 4078 decima
1144 4011 1183 4076 ad
1210 4009 1349 4075 Maurum

182 4127 255 4191 data
275 4126 422 4209 leguntur
442 4128 508 4192 ub

335 4239 386 4302 An
408 4240 469 4304 tibi
491 4239 640 4302 notitiam
664 4254 765 4303 mora
786 4236 960 4318 temporis
983 4239 1077 4318 eripit
1100 4237 1224 4314 horum,

385 4350 450 4414 Nee
472 4354 621 4432 repetunt
644 4351 729 4414 oeuli
752 4350 844 4428 signa
866 4352 994 4413 vetusta
1015 4346 1084 4412 tui?
