3178 5018
700 417 928 482 -102-

229 605 328 674 dubie
350 605 453 688 locum
477 609 607 671 moeret.
625 641 665 654 -
687 582 832 688 Denique
856 604 1046 671 immensum
1071 618 1149 668 sane
1170 619 1251 687 opus
1273 601 1398 681 inisset,

231 715 387 782 Ennianis
403 715 579 782 Annalibus
597 714 681 785 luaud
699 714 854 797 absimile,
871 713 989 800 quippe
1005 731 1066 798 qno
1082 719 1147 778 totu
1160 731 1265 781 rerum
1283 710 1395 776 Roma-

230 847 344 892 narum
378 827 530 892 memoria
561 826 811 912 amplecteretur.
856 825 955 892 Cuius
988 825 1102 892 lamam
1131 823 1209 888 adeo
1233 823 1401 887 evanuisse

237 958 301 1002 non
337 937 508 1004 uerisimile
538 931 594 1004 es‘t.
639 937 731 1015 Quod
753 957 824 1002 cnm
845 935 1001 1002 Haubium
1024 955 1087 1000 non
1109 935 1249 1016 fugeret,
1282 933 1400 997 liberae

231 1047 426 1133 reipublicae
458 1055 601 1134 ternpore
634 1048 818 1114 breuissime
851 1047 994 1113 absoluta
1029 1046 1129 1111 luisse
1163 1046 1277 1130 posuit.
1338 1043 1400 1108 Sed

232 1159 309 1242 quid
332 1159 437 1224 minus
460 1158 610 1225 suadibile
627 1165 685 1239 est,
710 1177 800 1243 quum
823 1164 911 1223 motu
926 1154 1182 1241 inaequabilitate
1202 1154 1400 1236 elegantissi-

233 1290 320 1334 mum
343 1275 470 1356 poetam
494 1285 623 1335 carmen
644 1289 736 1337 snum
759 1269 880 1334 foedari
903 1287 1029 1354 passum
1048 1268 1138 1333 esse?
1172 1265 1289 1332 Facere
1304 1266 1401 1346 igitur

234 1401 298 1445 non
328 1399 512 1466 possumus,
542 1382 618 1465 qnin
647 1400 772 1445 carmen
800 1380 839 1444 ab
862 1379 977 1444 Ouidio
1000 1382 1276 1443 commemoratum
1302 1375 1341 1440 ab
1364 1395 1402 1439 eo

233 1511 348 1586 opere,
383 1491 473 1556 cuius
506 1489 586 1556 liber
618 1491 740 1576 primns
764 1509 782 1554 a
805 1489 999 1568 Quintiliano
1032 1495 1119 1554 tanta
1144 1487 1245 1582 lande·
1260 1492 1400 1566 ornatur,

162 1631 164 1640 u
231 1601 325 1687 plane
363 1601 604 1672 discernendum
642 1621 712 1666 esse
748 1601 841 1666 nobis
877 1600 1133 1686 persuadeamus.
1190 1598 1259 1676 Quo
1301 1599 1400 1662 etiam

233 1709 464 1777 Wernsdorfins
491 1711 619 1797 (Poetae
652 1711 741 1777 latini
767 1712 904 1776 minores
921 1711 959 1776 ΙΙΙ
983 1732 1013 1797 p.
1031 1711 1085 1792 27)
1119 1710 1288 1790 deductus,
1313 1727 1399 1788 mag-

236 1843 348 1888 norum
373 1843 495 1905 regum,
519 1843 598 1907 quos
621 1843 639 1888 a
660 1823 776 1890 Seuero
801 1823 972 1888 celebratos
996 1841 1066 1887 esse
1089 1821 1249 1902 docemur,
1272 1820 1402 1886 nomine

233 1909 362 2018 Cyrum,
398 1933 570 2018 Pyrrhum,
608 1933 658 1999 uel
692 1932 812 2000 similes
847 1932 998 2018 appellari
1032 1932 1212 2016 suspicatus
1236 1937 1292 1996 est.
1339 1929 1402 1993 Sed

234 2043 376 2110 Huubius
400 2047 444 2130 (ρ.
463 2046 517 2125 13)
542 2045 667 2121 obiecit,
695 2044 790 2110 verbe

316 2235 318 2240 ι
388 2158 512 2238 Quique
534 2155 633 2220 decit
655 2155 757 2221 butio
781 2175 907 2220 carmen
928 2157 1033 2234 regale
1057 2204 1064 2218 .
1089 2205 1095 2217 .
1121 2203 1127 2217 .
1153 2203 1159 2217 .

235 2274 377 2350 spectare
399 2267 441 2332 nd
464 2276 681 2348 augumentum
705 2266 946 2330 ellomanouum
964 2267 1056 2330 lectis
1073 2265 1281 2349 desumptum.
1312 2261 1405 2339 Quae

234 2379 328 2457 ratio,
353 2398 542 2462 quamquam
565 2376 694 2444 multam
719 2377 856 2461 speciem
881 2377 986 2457 habet,
1010 2385 1114 2440 tameo
1138 2395 1201 2438 uon
1223 2375 1301 2438 adeo
1319 2380 1404 2438 certa

235 2497 295 2568 est,
320 2494 355 2553 nt
376 2509 438 2553 non
456 2490 548 2552 etiam
565 2488 597 2552 in
616 2485 807 2552 Graecorum
822 2486 956 2567 fabulas,
981 2487 1094 2570 quibus
1111 2484 1403 2568 antiquissimorum

235 2619 344 2680 regum
360 2599 444 2664 locta
459 2598 659 2678 canebantur,
676 2597 826 2663 Seuerum
847 2597 1048 2664 descendisse
1064 2595 1156 2661 liceat
1170 2597 1403 2675 existimemus,

235 2709 421 2794 praesertim
445 2729 514 2774 cum
540 2709 595 2774 has
619 2710 754 2776 manime
773 2729 827 2774 res
841 2729 879 2774 ex
895 2707 1023 2774 Homeri
1039 2708 1287 2794 locupletissima
1303 2725 1403 2770 coena

236 2821 420 2905 desumptus
443 2819 527 2886 illins
550 2821 664 2885 aetatis.
685 2826 798 2906 poetae
821 2819 971 2884 deuorare
996 2818 1133 2889 solerent
1167 2820 1218 2902 (ex
1240 2816 1275 2883 P.
1299 2816 1336 2897 ΙΙ,
1351 2818 1401 2895 10,

234 2929 358 3009 lunc.
392 2929 526 3001 quenal.
549 2931 615 2998 Sat.
638 2931 741 3013 Ι,1,1
767 2937 861 3015 sqq).
915 2930 949 2995 ln
983 2928 1086 2994 medio
1112 2931 1210 3011 igitur
1232 2949 1282 2994 res
1306 2928 1402 2992 relin-

232 3042 359 3125 quenda
381 3049 438 3106 est.
456 3079 496 3090 -
519 3043 597 3108 Cum
621 3049 724 3107 autem
748 3041 905 3107 diuersum
931 3061 1000 3106 esse
1016 3041 1254 3122 cognoverimus
1271 3057 1397 3104 carmen

234 3152 338 3232 regale
361 3170 380 3216 a
403 3151 482 3216 bello
505 3151 624 3233 Siculo,
659 3151 768 3217 Seueri
801 3159 904 3217 antem
938 3150 1040 3232 gloria
1060 3150 1120 3215 hoc
1142 3151 1279 3216 maxime
1304 3168 1402 3233 opere

233 3260 425 3338 Quintiliano
441 3267 520 3328 tosta
536 3269 719 3348 comparata
732 3263 785 3344 sit,
803 3261 948 3328 Ovidium
964 3261 998 3326 id
1013 3281 1076 3325 non
1093 3263 1282 3326 omissurum
1299 3262 1398 3324 tuisse

238 3373 400 3458 probatur,
424 3374 452 3438 si
473 3378 539 3437 tum
561 3373 624 3436 inm
648 3375 856 3458 compositum
879 3373 1000 3437 luisset.
1034 3371 1167 3438 Carmen
1182 3372 1279 3453 igitur
1293 3369 1400 3452 regale

233 3485 494 3558 viuoetiamtum
519 3483 631 3549 Ouidio
655 3484 783 3570 prodiit,
823 3482 938 3548 bellum
970 3482 1109 3548 Siculum
1138 3490 1250 3568 postca
1273 3482 1399 3564 demum

233 3594 359 3659 uidetur
381 3594 512 3661 ‘editum
546 3616 627 3662 esse.
671 3597 718 3660 Ao
750 3602 825 3680 post
855 3613 971 3660 annum
1000 3595 1095 3678 76119
1119 3593 1231 3661 bellum
1256 3593 1400 3658 Siculum

232 3706 443 3790 compositum
467 3699 537 3771 esse
567 3725 584 3771 e
617 3705 694 3771 solis
717 3706 857 3771 Senecae
878 3703 984 3771 uerbis
1007 3703 1192 3770 concludere
1215 3725 1399 3789 possumus,

234 3799 289 3899 qui
312 3816 463 3882 Severum
487 3815 601 3882 Ouidio
636 3824 835 3882 antecessore
869 3815 907 3882 ab
934 3820 1036 3883 Aetna
1059 3821 1166 3882 monte
1189 3815 1400 3882 describendo

231 3947 296 3991 non
321 3928 502 3993 deterritum
520 3948 590 3993 esse
606 3928 694 3994 dicit.
722 3927 800 3993 Nam
817 3928 850 3992 in
869 3927 1163 4012 Metamorphoseon
1179 3927 1259 3992 libro
1276 3928 1400 3991 decimo

231 4040 353 4122 quinto,
377 4039 431 4122 qni
454 4059 518 4104 non
541 4045 612 4103 ante
634 4038 724 4106 illum
746 4057 861 4104 annum
885 4039 1004 4124 prodiit
1026 4039 1078 4122 (cl.
1104 4037 1197 4103 Trist.
1220 4038 1245 4118 l,
1261 4039 1294 4120 Ι)
1318 4037 1400 4101 hanc

230 4170 296 4216 rem
330 4155 498 4215 tractatum
531 4170 602 4215 esse
636 4168 732 4236 supra
764 4150 933 4216 attulimus.
989 4149 1138 4214 Severum
1164 4155 1268 4214 autem
1298 4150 1400 4213 fuisse

232 4259 345 4324 Ouidio
370 4265 472 4326 aetate
495 4261 648 4329 minorem
671 4281 709 4326 co
733 4280 857 4344 quoquc
879 4260 1032 4345 probatur
1054 4260 1139 4344 quod
1162 4259 1255 4325 Trist
1280 4260 1317 4340 ΙΙ,
1335 4259 1394 4322 421

230 4390 300 4454 sqq.
324 4378 356 4435 et
371 4370 464 4437 Trist.
480 4370 533 4455 ΙΙΙ,
548 4373 599 4451 10,
612 4372 652 4436 41
674 4391 754 4456 sqq,
775 4370 829 4437 nbi
845 4377 1068 4437 enumerantur
1083 4377 1193 4457 poetae
1210 4371 1400 4436 uetustiores
