3184 5008
767 345 976 408 ..46-

292 530 344 612 lV,
369 531 404 596 V.
449 530 579 596 Sextum
604 529 739 616 denique
763 530 854 596 nobis
879 532 1022 598 occurrit.
1068 530 1167 598 Totus
1190 537 1292 598 autem
1316 537 1460 597 versatur

289 649 384 728 poeta
407 643 438 706 in
462 663 510 720 so,
535 648 569 706 nt
591 642 749 708 miseriam
774 662 862 708 suam
886 649 1036 736 tempore,
1063 662 1124 726 quo
1148 663 1257 713 omnes
1280 662 1331 710 res
1355 643 1459 708 immi·

292 761 443 835 nuentur,
481 773 543 818 nou
579 753 678 820 solum
713 774 775 820 non
810 753 923 834 levari,
958 753 1014 818 sed
1048 754 1141 820 etiam
1176 753 1282 836 augeri
1316 761 1460 840 exponat.

290 864 397 948 Neque
425 863 525 930 solum
555 883 592 930 ea
620 865 682 930 iam
707 884 740 929 re
768 865 859 930 laoile
883 884 1129 945 commovemur,
1149 871 1184 930 ut
1206 865 1343 932 secundo
1368 885 1459 950 quam

290 976 392 1060 primo
410 974 494 1042 exilii
515 995 596 1040 anno
613 975 690 1040 baec
713 976 832 1060 scripta
854 995 924 1042 esse
948 981 1084 1042 statuere
1108 976 1264 1058 malimus,
1290 976 1458 1044 sedetiam

291 1087 525 1172 apertissimum
550 1087 702 1171 temporis
725 1086 875 1152 indicium
900 1086 934 1152 fit
955 1087 1099 1152 versibus
1124 1089 1163 1152 19
1183 1108 1244 1172 sq:

443 1199 486 1264 Ut
508 1201 613 1279 patria
636 1217 736 1277 careo,
759 1200 810 1269 bis
833 1201 979 1278 hugibus
1003 1219 1076 1264 area
1098 1202 1175 1264 trita
1198 1206 1255 1280 est,

494 1311 644 1373 Dissiluit
665 1312 750 1374 nudo
773 1329 883 1390 pressa
905 1312 955 1374 bis
978 1331 1040 1375 uva
1061 1312 1148 1391 pede.

376 1419 462 1484 Dicit
478 1427 574 1505 poeta
592 1419 653 1484 sibi
670 1418 743 1484 inde
760 1420 798 1483 ab
816 1441 851 1484 eo
875 1430 1028 1506 tempore,
1053 1441 1113 1504 qno
1131 1419 1249 1486 ltaliam
1267 1422 1456 1506 reliquisset,

295 1531 342 1595 bis
366 1531 556 1596 vindemiam
581 1532 679 1596 risam
703 1551 782 1597 esse.
817 1530 878 1608 Qui
893 1538 996 1596 autem
1021 1552 1128 1597 mense
1151 1532 1275 1598 demum
1291 1533 1459 1598 Decembri

290 1663 347 1728 per
374 1662 460 1708 marc
482 1642 678 1715 Adriaticum
701 1643 891 1739 leniumque
920 1644 1097 1725 navigavit,
1131 1643 1159 1710 is
1183 1643 1359 1710 vindemiae
1382 1647 1455 1709 anni

293 1755 393 1828 reale
416 1759 559 1839 temporo
576 1753 645 1820 sine
668 1753 764 1818 dubio
787 1755 891 1839 patria
911 1755 1050 1820 nondum
1074 1755 1208 1822 carebat.
1247 1754 1455 1832 Quamobrem

289 1865 437 1931 hicnon
472 1885 552 1951 opus
587 1871 635 1932 est
664 1865 808 1950 pluribus
836 1866 970 1932 refutare
999 1863 1114 1950 Meyeri
1145 1849 1332 1932 sententiam
1362 1887 1458 1952 supra

291 1978 479 2061 expositam,
502 1978 688 2062 praesertim
706 1996 777 2042 eum
795 1977 838 2042 de
856 1978 902 2042 eis
926 1976 1163 2042 difficultatibus
1187 1977 1301 2061 quibus
1323 1979 1365 2042 ad
1387 1997 1455 2044 eam

291 2087 405 2174 depelli
423 2107 457 2152 se
473 2107 585 2173 passus
604 2091 662 2168 est,
687 2094 799 2173 postea
821 2088 933 2153 dicturi
951 2089 1059 2154 simus.
1098 2087 1210 2152 Eidem
1226 2094 1328 2154 autem
1345 2089 1454 2169 errori,

244 2205 245 2210 ’
294 2219 384 2283 quem
410 2198 469 2264 boe
492 2197 619 2283 quidem
640 2197 709 2264 loco
734 2200 877 2280 evitavit,
901 2190 1082 2264 Massonum
1106 2209 1229 2282 quoque
1254 2198 1327 2264 alibi
1352 2198 1455 2264 indul-

291 2311 387 2392 sisse,
416 2316 527 2394 postea
554 2308 742 2376 videbimus.
793 2309 870 2378 Cum
899 2311 996 2390 igitur
1022 2327 1147 2375 carmen
1177 2309 1385 2395 compositum
1415 2310 1456 2378 sit

290 2427 365 2506 post
398 2426 580 2486 autumnum
610 2421 682 2486 anni
713 2421 849 2502 leem,
880 2420 1097 2486 antecedentia
1125 2421 1265 2488 eiusdem
1288 2419 1361 2486 libri
1384 2441 1456 2486 vere

291 2538 419 2612 aestate,
445 2535 596 2598 autumno
620 2533 687 2598 eius
712 2538 781 2597 orta
804 2539 885 2597 sunt.
1214 2609 1218 2616 ι

375 2641 482 2726 Neque
498 2641 590 2723 longo
607 2643 760 2727 temporis
776 2641 939 2707 intervallo
957 2650 1063 2708 secuta
1079 2648 1127 2708 est
1150 2641 1286 2728 epistola
1309 2644 1457 2726 septima,

294 2752 449 2837 siquidem
485 2761 567 2818 reete
602 2754 858 2837 interpretamur,
894 2774 972 2837 quae
1006 2754 1038 2818 in
1073 2755 1176 2838 capite
1211 2754 1279 2820 eius
1312 2753 1458 2834 leguntur

293 2885 321 2928 v.
341 2868 355 2927 l
374 2885 435 2948 sq:

442 2977 494 3040 Bis
517 2997 568 3040 me
591 2978 640 3040 sol
662 2979 744 3062 adiit
766 2979 888 3056 gelidae
910 2983 982 3057 post
1005 2979 1122 3056 frigora
1144 2978 1285 3056 brumae,

492 3088 608 3169 Bisque
630 3108 728 3152 suum
750 3093 835 3152 tacto
859 3090 945 3168 pisce
968 3090 1088 3168 peregit
1110 3089 1180 3150 iter.

295 3198 434 3276 Quorum
468 3219 615 3265 versuum
651 3199 836 3264 sententiam
872 3218 934 3264 non
970 3205 1055 3264 reete
1084 3197 1184 3262 adhuc
1213 3198 1328 3262 ariris
1358 3197 1458 3261 doctis

289 3311 479 3378 intellectam
504 3331 584 3391 esse,
609 3311 702 3395 paulo
725 3310 828 3376 fusius
852 3309 1070 3394 exponendum
1095 3316 1151 3376 est.
1177 3347 1215 3356 -
1239 3312 1286 3374 Ac
1309 3308 1454 3392 Meyerus

294 3423 340 3506 (p.
356 3421 432 3500 459)
456 3421 582 3504 quidem
607 3421 777 3502 contendit,
802 3441 840 3486 ea
864 3421 1041 3486 hexametro
1064 3419 1110 3484 nil
1131 3439 1296 3506 apparere,
1320 3421 1382 3485 nisi
1406 3419 1455 3484 bis

291 3538 415 3617 poetam
450 3530 569 3624 vidisse
602 3530 770 3596 solstitium
800 3529 950 3598 brumale
995 3529 1058 3595 Sed
1085 3539 1193 3596 nostro
1220 3530 1288 3596 loco
1317 3531 1459 3599 brumam

293 3662 356 3707 non
372 3661 469 3708 unum
484 3641 572 3708 illum
591 3643 674 3710 diem
698 3642 773 3724 diei,
797 3663 815 3706 a
838 3662 898 3726 quo
922 3642 1023 3708 biems
1046 3641 1168 3727 incipit,
1193 3661 1230 3711 ea
1251 3642 1313 3707 iam
1337 3643 1459 3706 ratione

292 3772 393 3839 paene
408 3755 509 3820 evinci
526 3754 603 3820 mihi
620 3754 753 3836 videtur,
779 3755 863 3838 quod
880 3755 1017 3838 ,frigora
1033 3754 1180 3820 brumae“
1197 3753 1311 3838 plurali
1326 3773 1458 3820 numero

292 3873 466 3951 ponuntur.¹
500 3863 554 3932 Sic
569 3865 650 3930 enim
668 3865 776 3933 multis
791 3866 869 3935 locis
884 3871 984 3934 tetum
1001 3871 1125 3950 tempus
1141 3864 1273 3930 hiemale
1287 3864 1460 3948 frigoribus

191 3971 193 3974 ’
292 3976 439 4041 infestum
471 3974 673 4058 significatur.
719 3977 770 4059 (cl.
795 3975 846 4043 Tr.
875 3976 930 4060 ΙΙΙ,
961 3979 1017 4060 10,
1047 3979 1101 4058 19,
1132 3979 1187 4059 12,
1217 3978 1243 4044 1.
1272 3975 1313 4058 V,
1344 3977 1379 4058 7,
1407 3976 1459 4044 49.

287 4085 364 4152 Fest
392 4086 419 4168 l,
451 4087 521 4154 149.
559 4087 602 4165 ΙΙ,
633 4075 718 4171 151.)
762 4087 813 4154 Ad
840 4108 894 4154 ver
922 4089 1034 4171 igitur,
1061 4108 1123 4154 non
1153 4088 1192 4154 ad
1219 4087 1352 4155 hiemem
1376 4087 1454 4153 anni

298 4198 431 4280 rasim,
455 4204 490 4263 ut
512 4197 656 4284 Meyerus
679 4206 797 4283 censet,
820 4201 881 4266 iam
904 4201 955 4266 his
978 4199 1054 4268 solis
1078 4200 1181 4269 verbis
1204 4199 1397 4272 deducimur.
1415 4236 1455 4246 -

295 4306 357 4374 Sed
373 4329 541 4394 pergemus
560 4309 600 4376 ad
615 4313 857 4396 pentametrum,
882 4312 970 4380 cuius
986 4311 1130 4395 Meyerus
1153 4311 1281 4384 omnino
1304 4310 1459 4376 rationem
