3184 5008
670 364 877 428 „qq-

187 551 282 636 primi
306 569 430 616 carmen
455 551 626 616 seeundum
650 555 682 615 et
704 556 859 633 quartum,
884 550 997 632 quibus
1020 556 1191 635 tempestas
1213 551 1246 616 in
1270 552 1348 616 mari

188 665 317 746 experta
346 659 541 726 simillimum
562 661 596 725 in
625 660 750 726 modum
785 661 988 742 describitur,
1021 660 1188 726 intercedit
1225 681 1349 726 earmen

187 773 329 854 tertium,
356 791 417 856 quo
446 775 540 856 poeta
562 770 782 856 proficiscendi
804 776 929 856 tempus
952 772 1173 838 reminiscitur.
1185 772 1209 855 1)
1256 770 1350 837 Porro

188 883 328 948 eiusdem
360 882 434 948 libri
470 901 594 948 earmen
627 883 797 966 septimum
835 887 867 948 et
898 902 1034 964 nonum,
1069 882 1183 966 quibus
1206 891 1351 967 expertae

189 995 263 1062 tidei
297 994 389 1058 amici
424 993 635 1074 celebrantur,
671 994 830 1060 disiuncta
862 1000 935 1058 sunt
961 994 1113 1058 acerrima
1135 992 1188 1058 illa
1209 992 1346 1058 hominis

188 1105 268 1172 male
290 1104 347 1170 fidi
370 1105 574 1186 castigatione
596 1106 734 1170 earmina
750 1108 860 1170 oetavo
878 1123 1035 1188 expresso.
1070 1103 1177 1187 Neque
1193 1103 1347 1169 absimilis

187 1223 238 1282 est
270 1216 366 1297 ratio,
401 1235 463 1299 qua
495 1214 567 1280 libri
603 1215 706 1299 quarti
734 1201 860 1279 carmen
883 1215 1051 1299 septimum
1076 1221 1106 1279 et
1131 1234 1248 1280 nonum
1277 1215 1352 1280 viris

189 1327 229 1394 de
251 1333 345 1412 poeta
367 1326 486 1410 optime
509 1326 630 1391 meritis
646 1325 743 1392 missa
759 1325 950 1390 distineretur
965 1325 1102 1390 earmina
1118 1331 1238 1405 semro,
1263 1324 1346 1408 qu'od

186 1439 338 1519 interea,
364 1437 477 1521 quibus
500 1437 646 1502 inimious
671 1436 903 1521 perstringitur,
926 1436 1018 1500 faeile
1035 1443 1083 1502 est
1098 1435 1346 1502 acerbissimum.

188 1549 330 1629 Adsedit,
356 1547 439 1632 quod
462 1547 613 1631 epistolae
636 1547 676 1611 ad
700 1566 830 1612 uxorem
854 1547 946 1612 datae
968 1567 1130 1631 nunquam
1152 1546 1238 1612 nullo
1254 1547 1350 1612 inter·

189 1659 268 1724 vallo
285 1679 319 1724 so
335 1659 503 1743 exeipiuut.
538 1657 655 1724 Eadem
674 1677 877 1742 personarum
895 1659 1041 1738 varietas,
1065 1665 1169 1722 utrum
1189 1659 1221 1723 in
1239 1658 1351 1723 esteris

189 1789 313 1854 quoque
341 1767 484 1853 epistolis
507 1768 729 1834 eonneotendis
752 1767 1018 1852 deprehendatur,
1047 1789 1161 1848 neone,
1186 1768 1352 1834 diiudieari

190 1901 253 1946 uon
277 1884 397 1964 potest,
431 1881 504 1959 nisi
524 1886 617 1945 antea
649 1881 812 1964 personis,
846 1879 960 1962 quibus
984 1879 1125 1960 singulae
1148 1880 1263 1944 missae
1286 1879 1350 1943 sint

191 1990 370 2076 exploratis.
414 1988 501 2067 Quae
530 1991 652 2074 questio
679 2011 718 2054 ne
746 2012 764 2054 a
792 1998 969 2075 temporum
998 1990 1124 2073 quidem
1147 1990 1348 2069 indagatione

190 2101 282 2187 plane
305 2101 416 2183 aliena,
441 2121 510 2167 mea
532 2101 659 2184 quidem
680 2103 836 2166 sententia
850 2121 1011 2185 nunquam
1028 2121 1064 2166 eo
1080 2100 1209 2185 perduoi
1227 2101 1353 2184 poterit,

194 2219 229 2278 ut
251 2213 378 2277 alteram
402 2212 460 2278 hoo
483 2212 684 2278 fundamento
706 2203 801 2277 liceat
823 2211 1072 2293 exaedilieare2).

276 2322 360 2388 Haeo
387 2322 453 2388 sola
482 2331 555 2388 sunt
581 2322 716 2404 indicia,
744 2342 823 2406 quae
851 2331 886 2387 ut
912 2323 944 2386 in
969 2321 1119 2388 Tristium
1142 2320 1231 2386 libris
1255 2320 1347 2386 artifi-

186 2434 307 2504 oiosam
324 2433 460 2518 aliquam
477 2433 665 2518 disponendi
681 2435 834 2500 rationem
851 2433 1022 2498 adhibitam
1037 2453 1118 2516 esse,
1136 2432 1352 2500 existimemus

191 2545 333 2610 suadent.
380 2547 493 2610 Cetera
515 2545 559 2608 ita
581 2553 761 2629 comparata
783 2552 865 2623 sunt,
886 2549 921 2609 ut
943 2545 976 2608 in
999 2544 1080 2610 serie
1097 2544 1222 2627 quidem
1240 2543 1352 2608 earmi-

189 2675 264 2720 uum
289 2661 385 2720 artem
409 2676 471 2722 non
496 2656 707 2739 quaerendam
731 2676 800 2720 esse
818 2664 977 2739 appareat.
1013 2653 1217 2736 Quinetiam,
1241 2674 1349 2738 quam-

191 2786 283 2849 quam
308 2767 340 2830 in
363 2766 434 2832 libri
458 2767 541 2831 tertii
565 2768 701 2832 earmina
725 2773 834 2850 quarto
870 2767 910 2848 (v.
934 2767 975 2830 32
999 2767 1081 2849 sqq.)
1105 2766 1196 2830 amioi
1221 2766 1353 2830 alieuius

190 2877 269 2942 fides
293 2878 386 2942 modo
413 2877 571 2947 celebrata
593 2883 669 2957 erat,
703 2897 796 2959 quam
833 2882 863 2940 et
896 2877 966 2960 ipso
990 2875 1192 2957 relegationis
1215 2882 1355 2960 ternpore

192 2994 226 3054 et
248 2995 359 3073 postea
381 2989 601 3074 praestitisset,
622 2989 729 3052 eadem
749 3007 799 3052 res
827 2987 945 3052 eisdem
965 2987 1030 3050 fere
1050 2987 1152 3052 verbis
1170 2988 1354 3070 insequente

193 3101 332 3164 carmine
365 3103 406 3182 (v.
434 3100 548 3181 1-20)
576 3105 770 3178 retractatur,
799 3098 845 3162 ita
869 3103 901 3162 ut
923 3097 1006 3162 haud
1030 3099 1135 3181 inepte
1161 3096 1348 3162 Lorentzius

193 3212 234 3294 (p.
251 3211 293 3274 45
309 3215 391 3295 sqq.)
412 3211 451 3274 ad
475 3209 609 3274 eundem
632 3217 796 3294 utramque
813 3209 977 3293 epistolam
995 3211 1152 3292 pertinere
1171 3209 1349 3274 eonieoerit.
1398 3263 1400 3270 .

190 3319 298 3405 Neque
332 3322 436 3386 minus
471 3320 541 3386 aliis
573 3319 650 3386 loeis
684 3325 913 3388 connectuntur
945 3322 1094 3400 earmina,
1129 3327 1164 3385 ut
1192 3339 1254 3385 nou
1279 3319 1356 3382 adeo

142 3445 148 3460 ·
193 3432 364 3515 comparia,
388 3432 432 3496 ita
455 3429 612 3516 paululum
642 3436 762 3496 tantum
797 3431 923 3496 diversa
955 3431 1007 3513 (ol.
1030 3431 1084 3511 Ill,
1109 3434 1127 3495 2
1151 3438 1181 3495 et
1203 3432 1234 3510 3,
1259 3429 1355 3509 lV‚4

191 3549 222 3606 et
243 3543 286 3623 ὁ).
333 3541 491 3623 Ceterum,
516 3561 585 3608 oum
609 3548 705 3628 poeta
725 3543 757 3605 in
781 3561 844 3606 urna
878 3541 1049 3626 eademque
1083 3563 1116 3606 re
1139 3543 1205 3606 fere
1229 3561 1353 3625 semper

193 3660 342 3732 versetur,
367 3661 401 3717 ut
424 3657 455 3717 et
478 3652 668 3718 calamitates
692 3673 765 3718 suas
789 3635 947 3734 queratur,
971 3653 1188 3716 etamioorum
1205 3652 1356 3716 auxilium

191 3761 348 3847 imploret,
384 3782 506 3828 summa
539 3783 598 3848 ope
621 3765 678 3828 niti
703 3763 847 3843 debebat,
883 3769 918 3826 ut
941 3762 998 3826 hoo
1024 3770 1239 3844 argumentum
1264 3782 1355 3845 quam

195 3873 419 3938 diversissimis
443 3873 544 3938 modis
568 3873 700 3940 efferret.
744 3873 852 3957 Neque
886 3893 965 3957 opus
990 3881 1044 3954 est,
1080 3874 1112 3938 in
1148 3872 1356 3958 disponendis

192 3983 316 4050 denium
342 3991 372 4049 et
394 3984 578 4050 ordinandis
603 3983 794 4050 carminibus
812 3985 993 4049 varietatem
1016 3984 1170 4068 quandam
1195 4003 1266 4050 eum
1290 3982 1355 4047 efli-

261 4165 283 4232 ¹)
303 4166 374 4230 Quin
399 4183 416 4218 a
439 4163 526 4218 verbis
547 4163 688 4232 „Tingitur
707 4182 728 4219 s.
748 4181 773 4232 q.
792 4181 804 4216 s
832 4205 863 4218 ..
884 4206 889 4217 .
909 4207 915 4218 .
935 4163 957 4217 .”
985 4179 1082 4217 novum
1107 4181 1213 4217 carmen
1237 4163 1359 4232 incipiat,

191 4275 270 4313 nemo
290 4261 345 4314 iarn
364 4259 479 4313 dubitat.

260 4353 284 4422 ²)
303 4355 337 4410 et.
356 4355 484 4408 Lorentz:
504 4353 521 4408 l.
540 4369 562 4408 o.
