3178 5018
725 375 953 436 -112-

257 555 722 625 ratiocinationem'Merkelius
756 539 787 625 et
809 557 999 624 Woelffelius
1033 577 1069 623 eo
1084 537 1281 625 disturbare
1316 561 1419 626 conati

257 677 339 754 sunt,
364 676 408 752 ut,
432 669 733 755 cum'compositum
769 689 839 736 esse
872 669 990 736 Ibidem
1019 671 1126 756 priore
1148 675 1289 756 tempore
1309 673 1420 753 'negari

257 788 402 865 nequeat,
430 785 541 867 postea
563 781 688 846 demum
710 783 743 846 in
766 780 867 847 lucem
895 779 1053 866 prodiisse
1076 787 1222 847 statuant.
1267 781 1418 849 Metuisse

256 891 402 957 Ovidium
427 891 600 958 Merkelius
623 891 746 978 (prolus
769 893 809 957 ad
831 877 875 958 lb,
898 911 930 978 p.
954 892 1029 976 352)
1054 894 1242 978 suspicatur,
1266 894 1339 959 dum
1353 894 1416 959 ulla
1524 976 1528 989 Ι

252 1005 365 1069 veniae
386 1003 604 1090 impetrandae
620 1022 693 1089 spes
710 1009 903 1088 superesset,
924 1023 965 1074 ue
980 1005 1238 1089 potentissimum
1255 1006 1418 1070 inimicum

254 1114 405 1184 laederet:
430 1113 632 1198 quamobrem
656 1134 726 1180 eum
751 1121 804 1180 aut
825 1115 930 1199 ipsum
954 1134 1017 1179 uon
1042 1115 1180 1181 edidisse
1202 1135 1338 1196 carmen,
1363 1124 1429 1182 aut·

258 1226 391 1306 amicos,
412 1225 526 1309 quibus
549 1225 704 1291 edendum
728 1226 867 1291 misisset
890 1227 919 1290 ei
943 1224 1158 1311 obtemperare
1180 1226 1415 1312 dubitavissel)

338 1337 400 1402 Sed
435 1336 540 1421 siquid
572 1337 653 1402 disci
686 1340 792 1421 potest
825 1357 863 1401 ex
895 1337 983 1401 irrito
1005 1335 1060 1401 illo
1082 1339 1220 1402 virorum
1244 1337 1407 1403 doctorum

253 1447 350 1513 lbidis
384 1447 547 1533 personae
573 1447 729 1513 eruendae
762 1447 866 1512 studio
899 1449 930 1512 id
954 1455 1037 1514 certe
1061 1427 1261 1534 perspicitur,
1286 1451 1412 1514 omuino

254 1579 322 1624 eum
345 1579 410 1624 ¹non
432 1566 495 1625 tam
520 1566 662 1625 accurate
685 1558 843 1643 depictum
868 1578 948 1639 esse,
983 1567 1017 1624 ut
1044 1560 1192 1638 cognosci
1215 1561 1352 1644 potuerit
1373 1559 1412 1624 ab

252 1672 309 1746 eis,
335 1670 388 1754 qui
411 1690 486 1751 non,
511 1690 590 1753 quae
613 1669 641 1734 ei
664 1665 872 1735 intercederet
901 1690 969 1734 curn
994 1666 1107 1735 Ovidis
1131 1670 1298 1736 simultatis
1321 1672 1412 1754 ratio,

250 1781 379 1866 penitus
402 1789 596 1865 compertum
621 1763 778 1847 haberent
838 1779 953 1846 Famae
975 1782 1073 1863 igitur
1099 1782 1166 1846 eius
1190 1779 1321 1846 O'vidius
1350 1795 1425 1846 car-'

253 1893 338 1956 mine
372 1893 455 1957 edito
487 1911 550 1956 nou
584 1893 684 1972 magis
708 1893 825 1973 nocuit,
850 1911 941 1976 quam
966 1892 1113 1957 brevibus
1136 1892 1197 1958 illis
1221 1893 1413 1958 carminibus

252 2003 402 2068 Tristium
425 2002 513 2067 libris
537 2003 674 2084 insertis,
699 2023 829 2086 quorum
847 2005 922 2087 quin
938 2002 1088 2068 nonnul-la
1103 2003 1142 2068 ad
1163 2003 1296 2068 eundem
1317 2005 1413 2070 missa

251 2115 325 2197 sint,
348 2114 401 2178 vix
423 2112 558 2178 dubitari
581 2121 693 2198 potest.
739 2113 825 2191 Quae
841 2134 1028 2198 quamquam
1044 2121 1106 2178 tam
1131 2113 1251 2178 minuta
1273 2122 1357 2194 sunt,
1380 2122 1414 2180 ut

250 2231 344 2311 poeta
361 2244 397 2289 ea
413 2225 582 2290 memoriae
599 2227 747 2290 lectorum
765 2245 826 2290 non
838 2225 1008 2290 inhaesura
1023 2243 1092 2290 esse
1103 2225 1206 2310 possit
1221 2224 1411 2306 existimare,

249 2343 352 2401 tamen
368 2334 617 2401 luculentissime
640 2335 867 2418 demonstrant,
891 2356 953 2400 non
967 2335 1105 2401 voluisse
1121 2335 1269 2400 Ovidium
1284 2335 1425 2400 inimico=

250 2466 388 2532 parcere.
416 2445 625 2524 Quamobrem
643 2466 827 2530 persuasum
844 2446 955 2527 habeo,
972 2466 1130 2531 uunquam
1145 2445 1332 2511 Merkelium
1344 2443 1410 2510 lbin

246 2557 343 2622 multo
355 2563 580 2642 posteaquam
593 2558 728 2641 scriptus
742 2559 793 2635 sit,
802 2553 918 2623 editum
932 2577 1001 2623 esse
1014 2559 1075 2622 sibi
1087 2557 1289 2622 conlicturum
1301 2557 1409 2638 luisse,

247 2669 307 2733 nisi
341 2669 374 2732 in
406 2667 629 2733 molestissimo
663 2667 718 2733 illo
754 2668 904 2753 epistolae
927 2667 1031 2760 lure
1062 2668 1130 2733 loco
1159 2669 1322 2733 haesisset.
1367 2671 1409 2732 At

246 2800 350 2844 nonne
374 2779 474 2860 magis
498 2780 597 2858 decet,
622 2779 798 2844 rationibus
822 2777 937 2844 oblatis
959 2779 1082 2844 fortiter
1103 2780 1162 2861 uti,
1187 2799 1279 2862 quam
1300 2779 1407 2845 timide

246 2891 373 2971 evitare,
398 2909 478 2974 quaa
501 2911 538 2956 ex
569 2890 614 2956 eis
649 2891 904 2974 consequuntur?
949 2889 1109 2976 Epistulae
1138 2889 1235 2972 igitur
1262 2890 1408 2955 Tuticani

243 3003 370 3066 nomine
393 3002 563 3087 inscriptae
578 3001 699 3066 vivente
716 3002 875 3066 etiamtum
891 3005 1045 3084 Augusto,
1069 3021 1170 3085 neque
1186 3006 1287 3066 minen
1305 3003 1407 3086 primo

244 3111 329 3176 exilii
350 3119 491 3197 tempore
514 3112 707 3196 compositae
730 3117 811 3178 sunt.

275 3273 278 3281 .
328 3222 385 3288 llis
408 3223 572 3289 ostendere
595 3223 699 3288 conati
722 3243 841 3300 sumus,
866 3243 929 3289 non
951 3229 1067 3288 temere
1088 3243 1147 3288 nos
1174 3241 1270 3308 supra
1289 3224 1323 3287 iu
1339 3221 1421 3308 epi·'

243 3330 332 3400 stolis
349 3333 464 3399 Severo
478 3335 584 3401 missis
600 3353 667 3400 eam
684 3333 835 3400 rationem
853 3327 979 3399 secutos
996 3353 1075 3417 esse,
1095 3339 1130 3399 ut
1145 3331 1308 3420 epistolam
1321 3331 1407 3414 lV,2

242 3445 393 3531 epistolae
415 3445 439 3527 l,
457 3447 477 3510 8
498 3452 640 3530 tempore
662 3444 848 3510 antecedere
870 3449 1088 3510 statueremus.
1130 3443 1133 3450 “

327 3641 456 3707 Restant
488 3642 569 3708 duae
602 3641 770 3726 epistolae,
798 3641 965 3706 undecima
997 3640 1038 3706 ad
1065 3639 1256 3723 Gallionem,
1284 3638 1407 3706 decima

241 3760 330 3819 sextu
352 3752 392 3818 ad
413 3750 568 3836 luridum,
592 3754 645 3837 qui
669 3760 771 3817 utrum
796 3752 858 3819 lhis
882 3753 933 3835 sit,
957 3771 1055 3818 necne
1084 3753 1236 3837 epauois
1260 3749 1406 3816 versibus
1417 3769 1424 3786 ·’

241 3909 444 3920 ——-———-

311 3995 332 4060 r)
350 3993 505 4048 Sententiae
532 3992 583 4046 hoc
605 3991 666 4046 loco
684 3991 768 4046 abeo
787 3992 931 4061 expositae,
948 4009 1004 4046 non
1030 3991 1108 4046 rideo
1135 4007 1188 4062 qua
1203 3981 1320 4045 ¹rationo
1345 3989 1394 4042 ad-

239 4089 328 4158 aptari
356 4088 470 4157 possint,
496 4101 566 4157 quse
593 4085 664 4140 idem
690 4085 810 4156 proferet
842 4085 873 4154 (l.
899 4101 922 4141 a.
949 4101 975 4156 p.
1002 4086 1065 4153 389)
1100 4089 1200 4142 souin
1228 4083 1402 4152 Salrsgnium

238 4182 393 4257 Boessiunu:
416 4182 461 4248 ,Si
478 4181 567 4254 liiidie
585 4180 709 4252 notitiam
728 4179 837 4234 axeliis
855 4180 945 4236 Ouidii
963 4179 1256 4238 librisintormaudam
1275 4177 1403 4248 putabat,

240 4293 295 4338 uon
314 4280 380 4342 erat,
400 4292 448 4330 cur
466 4275 581 4328 Pontica
598 4272 699 4327 adiret:
735 4273 910 4341 Meminisset,
938 4289 970 4330 aa
986 4274 1089 4342 scripta
1107 4288 1171 4338 esse,
1183 4277 1246 4352 post¹
1262 4271 1303 4348 XI
1323 4273 1395 4354 uitae

238 4367 573 4436 Ovidiauaelustrum,h.
592 4367 928 4436 a.postcditum1bin,''
1103 4351 1105 4358 ¹
1167 4349 1171 4360 ’
