3178 5018
720 367 929 430 ..qq-

327 551 441 632 Agitur
464 553 546 617 enim
571 553 610 617 de
634 551 749 634 sigillo,
774 573 835 636 quo
859 554 993 638 epistola
1015 553 1167 634 insignita
1189 556 1266 620 erat.

328 662 430 727 Tertii
467 662 539 728 libri
578 663 744 748 epistolam
784 667 924 748 quintam
963 665 1062 729 multo
1100 671 1172 749 post
1208 663 1408 744 relegationis

183 840 185 845 ,
242 779 366 868 tempus
392 776 597 858 compositam
623 797 703 850 esse,
729 775 889 840 declarant
911 765 1019 840 versus
1043 777 1084 842 33
1101 796 1146 858 sq.

292 868 295 880 ¹
369 955 372 962 ,
396 886 628 967 Namquercgo,
653 890 707 968 qui
726 889 808 969 perii
829 887 1069 970 iampridem,
1092 889 1239 966 Maxime,
1263 888 1364 965 uobis,

445 999 574 1078 Ingenio
597 1001 683 1062 nitor
705 1019 767 1062 non
791 1001 922 1080 periisse
944 1018 1024 1066 mee.

325 1107 359 1172 In
389 1117 538 1191 sequente
568 1095 669 1174 autern
701 1109 834 1193 epistola
857 1110 1010 1174 occultato
1034 1110 1126 1174 amici
1150 1110 1277 1181 nomine
1300 1110 1407 1189 missa,

78 1264 81 1276 .
151 1239 155 1249 ¹
241 1225 335 1303 poeta
357 1220 488 1304 respicit
510 1220 549 1283 ad
574 1219 726 1284 Tristium
749 1220 847 1285 libros
871 1222 931 1284 iam
957 1221 1059 1286 editos
1081 1242 1110 1286 v.
1126 1221 1168 1284 45
1184 1240 1244 1303 aq.:

393 1329 465 1412 lpse
487 1351 553 1414 ego,
578 1333 662 1412 quod
684 1333 787 1413 primo
811 1334 924 1413 scripsi
948 1335 1015 1396 sine
1038 1333 1288 1410 commovebis,

409 1525 411 1530 Ι
444 1443 508 1506 Vix
530 1445 677 1506 excusari
699 1463 792 1523 posse
815 1445 894 1507 mihi
917 1445 1034 1507 videor.

326 1553 471 1636 Denique
506 1554 643 1637 epistola
677 1556 826 1637 septima,
863 1555 980 1638 quippe
1014 1575 1075 1638 qua
1108 1560 1204 1637 poeta
1236 1555 1275 1617 de
1310 1552 1407 1618 salute

159 1647 161 1656 ’
242 1665 335 1749 piane
365 1665 526 1749 desperet,
556 1686 618 1730 non
648 1671 755 1750 potest
782 1687 852 1730 esse
877 1667 974 1730 missa
995 1666 1057 1730 nisi
1082 1665 1227 1730 omnibus
1251 1666 1311 1729 iarn
1337 1684 1408 1748 pre-

241 1776 330 1840 oibus
354 1777 435 1861 apud
460 1777 577 1841 amicos
601 1777 771 1843 exhaustio.

329 1887 395 1952 Hae
430 1895 502 1951 sunt
535 1889 701 1973 epistotae,
737 1909 831 1972 quas,
868 1909 1054 1973 quamquam
1091 1896 1174 1953 certo
1204 1887 1296 1952 alicui
1325 1907 1406 1952 anno

242 2000 371 2064 attribui
400 2020 462 2064 non
491 2007 640 2084 possunt,
669 2008 772 2064 temen
801 2003 974 2084 posteriore
1003 2002 1128 2065 demum
1157 1999 1242 2065 exilii
1267 2007 1408 2084 tempore

241 2111 433 2195 compositas
458 2133 528 2176 esse
551 2112 811 2177 verisimillimum
837 2119 891 2178 est.
922 2151 960 2159 —
1343 2113 1344 2118 ’

326 2223 471 2288 Secundo
505 2229 608 2288 autem
644 2223 712 2286 loco
747 2225 778 2287 id
806 2221 903 2305 genus
933 2226 964 2287 in
994 2225 1208 2307 quaestionem
1237 2223 1338 2303 venit,
1374 2223 1407 2288 in

242 2354 302 2419 quo
337 2334 487 2418 triumphi
518 2335 677 2399 Tiberiani
713 2338 830 2399 mentio
864 2335 908 2400 iit.
961 2334 1059 2412 Quem
1088 2341 1189 2399 aetum
1225 2355 1295 2398 esse
1324 2355 1350 2396 a.
1376 2333 1414 2400 d.-

241 2445 327 2511 XVil
352 2445 415 2510 Cal.
442 2445 531 2510 Febr.
555 2447 719 2527 constatl)
742 2448 785 2509 ita
809 2442 954 2510 ut'irrita
976 2446 1104 2524 sedant,
1130 2465 1208 2529 quae
1233 2445 1405 2510 Bucherius

243 2557 295 2640 (cf.
324 2556 504 2621 Massonum
534 2557 574 2620 ad
601 2577 672 2622 ann.
699 2557 771 2634 ΧΠ,
801 2557 864 2640 ΙΙΙ.)
888 2556 1076 2622 Loutsehius
1105 2559 1149 2641 (p.
1169 2557 1236 2637 52.)
1265 2557 1303 2620 de
1331 2557 1404 2621 anni

242 2674 399 2752 ternpore,
438 2689 499 2751 quo
539 2667 711 2733 celebratus
750 2677 849 2748 esset,
888 2671 1100 2734 coniecerunt,
1150 2667 1259 2733 Utrum
1299 2674 1404 2732 autem

242 2781 314 2844 anni
335 2781 447 2854 12l765
470 2781 516 2844 rel
540 2782 614 2846 anni
633 2782 745 2849 rados
769 2799 875 2844 mense
898 2781 1043 2846 Ianuario
1062 2780 1206 2844 Tiberius
1229 2780 1405 2864 triumpha·

240 2893 335 2972 verit,
370 2912 483 2972 magna
520 2893 620 2955 adbuc
652 2893 710 2956 fuit
731 2893 813 2956 inter·
841 2894 924 2956 viros
955 2893 1063 2956 doctos
1099 2892 1294 2974 disceptatio.
1344 2887 1419 2967 Qui'

241 3004 353 3088 partim
389 3024 426 3067 ea
459 3005 628 3084 sententia,
664 3025 756 3087 quam
792 3005 830 3070 de
859 3005 1012 3088 triumphi
1041 3024 1123 3068 anno
1152 3003 1212 3068 sibi
1241 3023 1404 3089 eompara-

239 3121 368 3196 verunt,
402 3115 450 3178 usi
479 3123 565 3197 sunt,
595 3123 630 3179 ut
657 3117 829 3179 carminum
862 3115 1086 3180 Ovidianorum
1115 3121 1260 3201 tempora
1279 3115 1404 3180 eonsti-
1435 3095 1439 3098 ’

239 3232 373 3306 tuerent,
399 3237 432 3290 ut
454 3227 620 3299 Massonus
644 3227 696 3308 (ad
721 3247 791 3291 ann.
816 3227 883 3305 xli,
908 3226 961 3308 lV)
986 3236 1016 3290 et
1039 3226 1215 3292 Graeberus
1239 3229 1282 3312 (p.
1299 3226 1404 3308 vlu),

239 3340 353 3423 partim
377 3338 483 3402 Ovidii
507 3337 595 3402 libris
619 3357 676 3422 per
698 3349 799 3402 certos
823 3353 922 3406 annos
946 3337 1133 3417 distributis,
1158 3339 1230 3403 iude
1253 3338 1405 3421 triumphi

241 3469 355 3514 annum
385 3469 493 3514 eruere
522 3457 743 3533 susceperunt,
773 3458 807 3513 ut
833 3449 977 3534 Meyerus
1006 3451 1054 3534 (p.
1074 3451 1138 3514 460
1160 3451 1219 3532 sq.)
1249 3454 1279 3512 et
1306 3433 1406 3512 Bran·¹

240 3561 346 3626 desius
371 3565 414 3645 (p.
438 3561 500 3626 359
521 3561 592 3644 sq).
638 3561 742 3644 Atque
765 3561 888 3625 illorum
914 3561 1038 3643 quidem
1068 3581 1180 3646 opera,
1209 3580 1300 3644 quam
1325 3557 1405 3623 vana

195 3681 197 3686 ’
240 3678 335 3751 esset,
360 3673 478 3756 quippe
495 3693 574 3756 quae
589 3673 801 3736 fundamentis
819 3672 897 3735 adeo
922 3671 1025 3762 dubiis
1049 3673 1210 3750 niteretur,
1235 3670 1401 3735 Sohuizius

240 3788 284 3869 (p.
302 3786 343 3848 20
358 3787 418 3868 sq.)
442 3793 550 3848 contra
565 3783 723 3868 Meyerum
740 3783 914 3848 luculenter
937 3784 1081 3856 ostendit.
1119 3783 1203 3847 ldern
1227 3783 1402 3847 rectissime

239 3903 273 3960 ut
305 3896 381 3959 mihi
416 3896 542 3979 quidem
577 3897 715 3974 videtur,
751 3895 896 3980 probavit
929 3898 974 3980 (p.
992 3895 1149 3976 ‘ro-24),
1184 3895 1399 3977 quaestionem

239 4026 318 4089 quae
344 4015 392 4071 est
418 4007 457 4070 de
484 4008 636 4092 triumphi
654 4027 752 4087 anno,
782 4006 905 4088 Dionis,
933 4006 1044 4087 Vellei,
1076 4005 1238 4086 Suetonii,
1267 4005 1402 4087 denique

237 4120 355 4182 nummi
390 4118 521 4183 alicuius
556 4119 746 4184 testimoniis
779 4119 918 4184 nondum
955 4118 1046 4205 plane
1081 4119 1120 4182 ad
1146 4117 1300 4202 liquidnm
1327 4137 1401 4203 per·

305 4351 327 4413 ¹r
347 4351 376 4406 o.
395 4304 418 4406 i.
436 4352 467 4406 n.
486 4351 508 4416 1,
527 4349 585 4406 ara.
