3184 5008
746 343 954 408 ...32-

271 527 476 612 Quamquam,
501 529 628 612 quaein
644 529 781 594 carmine
800 529 908 612 quintu
932 529 1042 596 ecdem
1065 537 1206 615 spectare
1228 531 1425 615 videbantur,

270 637 362 702 aliter
384 638 538 723 explicata
566 639 719 704 existimo.
764 638 895 704 Summa
916 646 1019 705 autem
1043 641 1314 709 animadversione
1338 643 1434 724 digna

271 756 319 814 est
346 769 383 814 ea
409 748 509 814 ultimi
537 750 684 816 carminis
711 769 800 834 pare,
835 769 927 833 quam
966 771 1062 836 supra
1090 752 1230 818 consulto
1260 755 1433 819 omisimus.

270 859 345 927 lude
378 861 461 927 enim
496 880 514 924 a
547 879 639 926 versu
665 861 813 926 vicesimo
843 861 951 944 quinto
980 867 1073 946 potita
1099 864 1241 947 pericula
1270 864 1432 945 describit,

271 990 351 1055 quae
373 991 451 1036 nave
473 969 583 1036 relicte
604 971 637 1034 in
660 976 752 1036 terra.
767 971 927 1036 subiturus
951 972 1001 1037 sit.
1045 974 1093 1038 Ac
1115 973 1206 1053 fingit
1227 974 1369 1057 quidem,
1400 995 1433 1040 se

273 1081 339 1149 sola
355 1088 456 1146 mente
472 1081 684 1166 prospexisse,
709 1098 788 1164 quae
804 1087 916 1166 postea
930 1089 1080 1149 eventura
1100 1089 1216 1165 essent,
1237 1085 1308 1169 ipsa
1331 1091 1433 1150 eutem

271 1193 458 1276 descriptio,
483 1213 561 1276 quae
585 1192 760 1258 continetur
783 1192 926 1258 versibus
950 1195 1092 1275 31-34,
1116 1201 1177 1258 tem
1203 1202 1346 1260 accurate
1369 1196 1430 1263 iam

271 1305 401 1368 summis
424 1303 516 1368 lineis
539 1323 577 1368 ea
597 1302 754 1387 depingit,
779 1322 859 1387 quae
881 1308 977 1388 poeta
999 1311 1121 1389 postea,
1145 1323 1214 1369 cum
1238 1305 1300 1369 iam
1324 1305 1431 1370 i'cmis

269 1415 439 1495 habitaret,
462 1414 578 1478 totiens
595 1413 753 1496 exposuit,
776 1419 811 1478 ut
825 1412 915 1479 facile
938 1413 1030 1480 nobis
1053 1415 1314 1498 persuadeamus,
1349 1415 1431 1479 hunc

270 1544 393 1609 quoque
426 1522 528 1588 locum
562 1543 625 1589 nun
657 1543 673 1588 e
705 1541 791 1588 mera
825 1523 1015 1589 divinatione
1048 1531 1148 1590 ortum
1183 1545 1262 1592 esse.
1323 1525 1430 1609 Neque

270 1635 410 1714 interest,
433 1640 534 1698 utrum
559 1633 654 1697 verba
675 1653 703 1698 v.
727 1634 765 1697 31
785 1651 849 1717 aq:

419 1746 559 1810 Barbara
581 1763 654 1828 pars
676 1746 766 1808 laeve
788 1749 846 1823 est,
872 1746 1044 1825 avidaeque
1067 1747 1195 1810 addicta
1216 1749 1355 1827 rapinae,

471 1857 573 1931 Quam
596 1873 687 1918 cruor
709 1859 740 1918 et
764 1855 876 1920 caedes
898 1856 1045 1935 bellaque
1068 1875 1191 1937 semper
1212 1858 1339 1924 habent.

270 1985 338 2034 cum
368 1965 515 2032 Schuiziu
549 1968 592 2050 (p.
614 1966 647 2047 9)
676 1963 891 2046 intellegamus
922 1965 961 2030 de
990 1965 1179 2047 Thracibus,
1209 1987 1341 2050 quorum
1371 1988 1427 2051 pen

268 2077 346 2142 iines
368 2083 462 2161 poeta
483 2078 542 2140 iter
564 2076 708 2161 pedestre
731 2075 816 2153 iecit,
840 2095 879 2140 en
903 2076 942 2141 de
959 2075 1153 2142 Tomitanis:
1177 2085 1307 2160 utraque
1330 2076 1428 2162 expli-

268 2190 389 2254 catione
425 2187 566 2272 quamvis
604 2187 695 2251 inviti
729 2186 810 2250 ultra
848 2187 1056 2268 navigationis
1082 2194 1208 2273 tempus
1237 2169 1429 2256 deducimur.

268 2299 462 2383 Quamquam
491 2299 586 2380 igitur
612 2303 706 2381 poeta
738 2296 778 2361 ad
800 2296 859 2362 hcc
882 2315 1006 2380 quoque
1029 2316 1153 2362 carmen
1176 2298 1425 2382 componendum

270 2413 303 2476 iu
324 2411 436 2476 itinere
458 2409 601 2489 accessit,
625 2413 728 2474 tamen
751 2408 883 2474 tortasse
906 2413 1016 2491 postea
1039 2427 1110 2474 cum
1133 2409 1195 2474 iam
1218 2408 1319 2474 locum
1344 2407 1428 2474 exilii

269 2520 481 2603 cognovisset,
515 2517 665 2584 nonnulle
699 2517 845 2585 secundis
875 2518 957 2582 curis
986 2518 1109 2601 iniecit,
1143 2525 1178 2583 ut
1203 2519 1297 2586 etiam
1328 2520 1428 2601 magis

269 2637 434 2714 augeretur
455 2630 539 2695 illins
562 2630 713 2713 temporis
736 2628 880 2709 miseria,
909 2647 970 2711 que
999 2649 1062 2694 non
1086 2628 1186 2695 solum
1209 2615 1427 2715 praesentibus

268 2741 417 2827 periculis
440 2739 579 2818 vexatus,
604 2739 771 2806 sedetiam
794 2740 968 2804 futurorum
994 2741 1208 2825 expectatione
1231 2742 1424 2806 excruciatus

268 2861 360 2920 esset.

352 2964 395 3030 Re
428 2983 502 3030 vera
534 2968 639 3031 autem
673 2962 767 3027 etiam
799 2961 912 3026 itinere
946 2961 1048 3027 navali
1077 2963 1214 3047 perfecto
1243 2967 1367 3046 puttam
1397 2963 1430 3026 in

267 3077 369 3162 primo
392 3074 473 3140 libro
497 3073 724 3154 elaboravisse,
747 3077 879 3136 testatur
901 3091 1025 3138 carmen
1049 3077 1202 3155 octavum,
1227 3092 1288 3156 quc
1312 3073 1429 3140 amicus

269 3185 453 3252 malefidus
477 3183 705 3269 perstringitur.
752 3180 777 3246 E
801 3181 943 3248 versibus
967 3181 1048 3246 enim
1072 3182 1111 3247 37
1130 3201 1213 3266 sqq:

419 3297 490 3360 Neu
513 3314 570 3374 ege
591 3300 624 3358 te
645 3295 771 3376 placida
793 3295 935 3374 genitum
957 3312 1027 3358 reor
1048 3295 1127 3358 urbe
1150 3293 1283 3374 Quirini,

468 3407 564 3486 Urbe,
586 3425 656 3470 meo
679 3424 741 3486 que
763 3406 829 3468 iam
849 3422 912 3468 non
935 3405 1080 3468 adeunda
1101 3406 1180 3486 pede
1202 3409 1260 3486 est,

420 3517 482 3586 Sed
504 3518 654 3599 scopulis,
677 3516 770 3580 Ponti
793 3533 872 3596 quos
894 3517 972 3578 haec
993 3516 1089 3580 habet
1112 3534 1167 3580 ora
1188 3517 1321 3596 sinistri,

468 3629 567 3710 inque
589 3629 664 3692 feris
687 3626 834 3708 Scythiae
856 3625 1106 3707 Sarmaticisque
1128 3628 1228 3708 iugis:

266 3762 331 3808 nun
364 3759 533 3826 possumus
566 3756 631 3804 nou
663 3735 864 3817 concludere,
900 3741 1026 3820 puttam
1054 3742 1109 3805 eut
1132 3735 1239 3803 Tomis
1264 3737 1324 3802 iam
1348 3756 1429 3819 esse,

267 3860 322 3919 aut
355 3856 437 3918 certe
465 3848 636 3916 secundum
663 3847 825 3913 sinistrum
853 3845 931 3913 litus
955 3843 1046 3913 Ponti
1069 3845 1236 3932 proficisci.
1288 3847 1365 3912 Nam
1401 3847 1428 3912 si

267 3965 401 4047 legimus
424 3961 522 4046 ,haec
537 3961 610 4026 ora”
626 3964 799 4026 statuamus
815 3975 946 4024 necesse
962 3962 1020 4038 est,
1043 3977 1141 4039 cram,
1165 3958 1204 4024 de
1227 3978 1289 4042 qua
1310 3958 1427 4040 agitur,

266 4082 379 4164 poetae
412 4078 484 4140 ante
517 4069 623 4137 oculos
656 4088 735 4136 esse.
780 4067 828 4136 De
849 4066 949 4136 Ponto
979 4074 1080 4137 autem
1101 4067 1237 4150 Euxino,
1274 4069 1327 4153 qui
1351 4068 1427 4136 alias

267 4205 391 4274 quoque
417 4183 502 4252 haud
529 4180 625 4250 semel
649 4179 815 4266 „sinister”
838 4178 888 4246 vel
911 4179 1057 4264 „laevus”
1079 4177 1199 4246 Pontus
1228 4179 1345 4246 dicitur
1374 4178 1426 4264 (f.

267 4298 319 4364 Tr.
336 4296 373 4374 V,
398 4298 449 4375 10,
474 4295 524 4360 14.
558 4313 596 4360 ex
617 4290 653 4359 P.
668 4290 692 4372 l,
714 4291 747 4374 4,
770 4291 820 4357 31.
854 4289 906 4374 lv,
929 4291 961 4372 9,
987 4291 1061 4374 119)
1090 4291 1158 4374 agi,
1185 4291 1388 4375 consequitur
1409 4310 1427 4356 e
