3178 5018
626 357 901 422 ..51...

147 543 249 628 copiis
272 535 432 630 possimus
456 521 613 610 accedere.
658 543 683 609 H
707 543 820 628 quibus
834 545 946 629 *prime
969 545 1104 612 occurrit
1126 543 1198 610 libri
1220 543 1305 610 tertii

145 654 280 740 epistole
302 655 424 721 decima
447 661 572 739 quartu,
603 653 642 720 de
657 665 738 739 qua,
764 669 844 739 ques
866 673 885 720 a
906 644 982 722 siris
1006 655 1106 721 doctis
1130 655 1305 722 sententiae

143 765 284 851 prolatae
312 768 376 831 sint
402 766 625 833 examinemus.
670 767 718 830 Ac
740 764 911 832 Merkelius
941 765 1067 850 quidem
1096 767 1129 831 in
1153 765 1304 832 Tristium

145 876 285 942 editione
319 879 364 962 (p.
394 879 470 957 217)
504 876 543 943 ad
571 875 605 942 O.
632 876 745 942 Iulium
772 875 932 962 Hyginum
959 877 1195 958 grammaticum
1225 875 1306 942 cele·

146 986 315 1060 berrimum
340 1006 407 1052 eam
432 988 560 1054 missam
585 1007 654 1053 esse
672 981 871 1073 suspicatur,
896 1008 987 1072 quem
1011 987 1124 1055 Ovidis
1148 987 1304 1053 amicissi-

142 1119 228 1164 mum
257 1099 356 1164 fuisse
378 1097 530 1164 Suetonio
559 1103 639 1164 teste
658 1098 803 1165 novimus
826 1099 879 1182 (dc
901 1097 944 1165 ill.
968 1119 1066 1181 grem
1090 1099 1154 1182 20).
1198 1097 1305 1164 Prima

145 1207 255 1276 autem·
279 1211 358 1275 ratio
387 1211 466 1292 eius,
490 1228 569 1294 quse
592 1211 691 1295 petita
713 1218 761 1275 est
783 1230 802 1275 a
822 1211 1147 1276 virorumdoctorum
1169 1229 1302 1277 consue-

148 1319 258 1386 tudine
285 1341 303 1385 a
333 1322 427 1406 poeta
453 1313 630 1386 desiderate
657 1324 699 1404 (v.
721 1322 763 1387 43
778 1323 850 1406 sql,
875 1342 950 1388 saue
973 1321 1092 1406 aliquid
1115 1319 1247 1400 valeret,
1276 1319 1305 1386 si

146 1437 242 1518 poeta
271 1426 318 1497 eis
346 1429 451 1496 verbis
479 1451 555 1497 usus
583 1436 680 1513 esset,
710 1451 789 1516 quae
815 1438 946 1518 possent
968 1433 1007 1497 nd
1030 1438 1152 1496 eertum⁴
1170 1431 1304 1515 aliquem
1392 1519 1394 1524 Ι

146 1543 280 1606 amicum
309 1542 435 1610 referri.
485 1543 590 1608 Nunc¹
607 1547 711 1608 autem
738 1563 800 1607 non
828 1539 1053 1625 intellegimus,
1089 1530 1141 1626 qui
1169 1537 1306 1628 potuerit

143 1659 255 1738 poeta,
280 1671 360 1737 quae
383 1653 422 1718 ad
446 1654 601 1735 singulum
626 1655 760 1719 amicum
784 1643 938 1739 spectent,
963 1654 1067 1720 verbis
1082 1659 1152 1719 *tem
1176 1652 1304 1720 incertis

145 1771 178 1828 et
216 1763 434 1830 communibus
475 1764 660 1845 siguificare.
716 1764 818 1842 Quies
854 1763 889 1829 Si
917 1770 963 1829 tot
988 1763 1093 1830 verbis
1121 1765 1163 1848 (v.
1187 1764 1304 1846 1-16)

144 1875 185 1938 de
208 1875 347 1940 amicitia
369 1876 495 1957 ingenio
519 1895 576 1942 suo
599 1859 713 1942 abillo
737 1876 886 1960 praestita
908 1876 988 1957 egit,
1012 1894 1068 1940 cur
1088 1873 1207 1940 nullum
1231 1893 1302 1940 eurn

148 1991 287 2070 apertam
303 1987 492 2052 mentionem
509 1988 622 2055 fecisse
638 1993 810 2052 statuamus
827 1987 897 2052 'eins
921 1983 1039 2068 auxilii,
1063 1984 1147 2069 quod
1170 1986 1303 2050 amicum

143 2098 347 2178 grammatica
380 2097 522 2162 doctrina
553 2096 707 2162 imbutum
741 2098 773 2161 in
802 2097 993 2161 carminibus
1021 2096 1247 2182 componendis
1274 2095 1317 2160 οῖ’

148 2207 257 2273 tulisse
284 2195 304 2272 a
330 2206 482 2274 Merkelio
509 2209 657 2293 ponitur?
684 2245 723 2256 --
752 2207 858 2291 Neque
886 2206 957 2293 plus
984 2206 1080 2272 altera
1105 2207 1184 2272 ratio
1213 2206 1305 2290 valet,

148 2337 211 2402 que
232 2317 401 2384 Merkelius
425 2319 543 2385 verbis:
566 2333 594 2386 v.
613 2322 626 2384 1

190 2427 197 2438 '
268 2507 275 2516 ι
295 2431 406 2495 Cultor
429 2437 461 2495 et
482 2433 638 2496 antisthes
661 2434 825 2496 doctorum
847 2435 955 2496 cenete
976 2433 1138 2511 virorum,

144 2651 352 2718 bibliothecae
386 2653 580 2738 praetectum
615 2653 785 2734 significari
819 2653 879 2718 sibi
907 2653 1074 2738 persuasit.
1123 2650 1201 2717 Nam
1230 2650 1305 2736 qnid

143 2763 315 2829 indicatum
334 2764 467 2831 voluerit
481 2770 574 2850 poeta
592 2764 641 2829 bis
658 2763 761 2828 verbis
777 2784 886 2829 vorsus
904 2763 1056 2850 septimus
1079 2763 1183 2829 docet:
1208 2814 1241 2847 „.
1266 2812 1273 2828 .
1297 2813 1304 2829 .

142 2882 251 2940 vatum
288 2874 426 2942 studiose
463 2877 645 2940 novorum.“
696 2875 769 2939 Solo
797 2884 901 2939 autem
929 2875 1005 2939 artis
1033 2874 1176 2960 poeticae
1203 2871 1306 2938 studio

149 2979 361 3051 bibliothecae
378 2987 568 3072 praefectum
587 3004 756 3068 agnoscere
772 3005 833 3050 non
857 3004 1035 3071 possumus.
1072 2985 1180 3069 Neque
1203 2983 1307 3048 minus

149 3095 265 3178 obstat,
283 3098 449 3180 quominus
466 3097 504 3162 ad
517 3096 551 3162 C.
563 3096 673 3162 lulium
695 3095 851 3181 Hyginum
870 3095 1057 3176 deferamur,
1074 3091 1158 3179 quod
1174 3093 1308 3188 epistola

149 3209 180 3274 ei
203 3209 302 3274 missa
323 3209 357 3273 in
379 3207 469 3273 libris
489 3207 629 3274 Ponticis
651 3227 713 3272 non
736 3209 902 3274 invenitur.
946 3210 989 3273 At
1011 3206 1247 3292 quaestionibus
1269 3205 1308 3270 de

148 3319 321 3385 amicorum
345 3320 490 3405 personis
514 3319 615 3384 adbuc
637 3319 808 3400 institutis,
831 3318 905 3385 licet
926 3317 1035 3384 multis
1057 3316 1307 3384 dubitationibus

148 3429 305 3495 obnoxiae
329 3431 404 3512 sint,
427 3430 461 3497 id
485 3430 595 3496 saltem
611 3431 766 3516 apperuit,
790 3430 915 3495 eosdem
933 3431 997 3494 lere
1011 3429 1145 3494 virosis
1158 3427 1309 3492 Tristium

146 3541 341 3608 carminibus
377 3540 510 3606 latenter
543 3541 725 3623 significari,
763 3541 816 3624 qui
850 3540 994 3626 epistolis
1025 3539 1164 3605 Ponticis
1198 3542 1308 3624 aperte

144 3650 354 3735 appellantur.
390 3652 534 3718 Ceterum
548 3651 691 3717 Merk‘elii
708 3652 864 3717 sententia
879 3652 996 3737 optime
1011 3649 1180 3732 refelletur,
1197 3648 1306 3730 altera,

145 3781 228 3846 quae
256 3763 441 3828 certioribus
469 3763 660 3845 argumentis
689 3763 814 3845 nititur,
841 3763 875 3828 in
905 3763 1007 3828 locum
1036 3763 1103 3827 eius
1127 3761 1306 3827 substitute.

233 3872 380 3938 Sebulzio
414 3880 533 3956 autem,
569 3875 628 3958 qui.
656 3877 699 3959 (p.
728 3875 765 3938 11
794 3875 881 3957 ncta)
908 3873 947 3938 ad
975 3873 1108 3938 Fabium
1136 3871 1305 3938 Maximum

74 3975 79 3982 ’
149 3983 236 4048 hanc
262 3985 425 4069 epistolam
444 3985 572 4051 missam
596 4005 667 4053 esse
690 3985 861 4068 contendit,
895 3986 987 4051 etiam
1009 3985 1122 4050 fortius
1144 3983 1304 4049 adversari

144 4094 309 4160 debemus.
348 4095 504 4161 Humilem
528 4097 610 4161 enim
635 4097 785 4178 animum,
809 4117 870 4181 quo
895 4096 1026 4162 Ovidius
1050 4116 1124 4178 erge
1145 4094 1307 4160 nobilissi-

141 4225 217 4272 mos
246 4207 363 4272 amieos
392 4228 468 4272 usus
497 4208 554 4290 sit,
580 4207 613 4272 iu
643 4206 754 4292 primis
784 4207 875 4274 buius
898 4208 1046 4272 carminis
1069 4205 1212 4273 versibus
1236 4223 1306 4271 cum

141 4315 200 4383 illo
217 4317 363 4400 equidem
379 4338 441 4383 non
457 4338 657 4400 recognosco.
697 4318 807 4402 Immo,
831 4318 915 4404 quod
931 4324 1025 4404 poeta
1040 4317 1078 4384 de
1094 4339 1128 4384 se
1144 4317 1182 4384 ab
1206 4317 1306 4382 amico
