3184 5008
740 372 949 435 -42-

260 556 365 640 priore
388 577 469 621 auno
495 557 602 644 Tomis
627 557 776 624 celebrari
811 535 980 642 patuerint,
1017 579 1055 622 oe
1085 558 1202 643 Meyeri
1227 557 1353 642 quidem
1377 579 1427 623 ra-

260 668 361 732 tiones
384 667 528 734 obstant?
1320 673 1321 682 ’

347 777 392 843 Eo
415 780 513 862 igitur
536 780 732 860 deducimur,
766 787 800 846 ut
834 781 904 846 libri
929 783 1012 846 tertii
1037 782 1177 846 carmina
1201 781 1426 848 distribuamus

259 908 317 974 per
339 896 436 954 totum
461 897 596 975 tempus,
622 892 703 975 quod
727 893 907 956 intercessit
929 892 1010 956 inter
1032 899 1195 958 exeuntem
1220 893 1353 963 hiemem
1378 891 1425 956 vel

259 1001 363 1066 iniens
387 1021 441 1064 ver
463 1004 537 1066 anni
571 1004 707 1077 noello
740 1009 772 1068 et
804 1024 860 1068 ver
887 1004 1084 1086 insequentis
1109 1005 1191 1070 anni.
1238 1005 1284 1068 Ac
1307 1004 1425 1088 primae

262 1114 388 1197 quidem
424 1114 516 1179 buius
551 1115 647 1199 spatii
681 1116 760 1198 parti
796 1115 856 1179 duo
879 1121 1000 1181 tantum
1026 1093 1167 1181 carmina
1188 1122 1272 1180 certo
1297 1114 1424 1178 attribui

261 1233 396 1309 possunt
419 1229 451 1310 (2
475 1233 506 1290 et
528 1227 571 1307 3).
617 1225 723 1308 Neque
747 1226 872 1308 mirum,
908 1228 1026 1312 quippe
1060 1246 1128 1291 oum
1154 1227 1264 1290 eodem
1287 1233 1426 1310 tempore

263 1335 343 1400 liber
364 1358 490 1420 quoque
514 1337 670 1402 secundus
694 1338 853 1404 conlectus
877 1339 929 1403 sit·
962 1338 1229 1423 Septimumxiam¹
1244 1336 1336 1422 paulo
1358 1337 1426 1421 plus

259 1450 409 1532 temporis
442 1447 691 1534 praeterlapsum
724 1455 856 1514 testatur
894 1451 935 1532 (v.
963 1452 1012 1532 8),
1047 1451 1184 1534 primum
1226 1447 1360 1531 denique
1394 1453 1425 1512 et

261 1559 587 1643 decimumquartum
612 1565 770 1644 postremo
795 1559 907 1624 addita
924 1545 1024 1624 sunt'
1056 1559 1146 1637 Quod
1171 1570 1273 1624 autem
1294 1579 1346 1644 ep.
1375 1559 1421 1636 14,

261 1672 298 1734 41
327 1691 372 1754 sq.
408 1670 571 1752 „custodia
593 1672 695 1734 muri'’
722 1675 996 1750 commemoratur,
1031 1672 1104 1735 inde
1134 1670 1266 1735 hiemale
1289 1679 1425 1754 tempus,

261 1802 321 1864 quo
357 1783 491 1845 maxime
526 1781 673 1846 Getarum
708 1780 904 1846 incursiones
937 1783 1037 1846 lactas
1061 1803 1130 1846 esse
1153 1783 1282 1862 scimus,
1306 1781 1417 1844 adesse

260 1913 322 1956 nou
347 1893 558 1975 consequitur.
603 1893 680 1956 Nam
698 1900 791 1976 potita
808 1893 866 1957 boc
883 1892 991 1956 ultimo
1010 1893 1157 1956 carminis
1174 1898 1261 1976 parte
1275 1891 1424 1975 deinceps

261 2023 370 2091 omnes
405 2024 456 2067 eas
491 2023 541 2068 res
576 2011 752 2085 enumerat,
788 2005 901 2087 quibus
937 2006 995 2069 hoc
1016 2010 1082 2069 toto
1104 2003 1183 2068 libro
1208 2002 1425 2094 componendo

264 2115 434 2198 impeditus
459 2105 508 2179 sit.
533 2153 573 2162 --

350 2337 396 2401 De
421 2337 521 2420 quarti
541 2337 613 2401 libri
635 2337 830 2422 temporibus
855 2339 914 2401 viri
937 2339 1020 2401 docti
1044 2345 1098 2402 aut
1119 2344 1182 2402 tam
1208 2338 1342 2415 diversa,
1367 2344 1430 2414 aut,

264 2450 420 2531 siqnidem
445 2450 653 2528 concinentia,
688 2456 749 2512 tam
788 2449 922 2513 diversis
951 2450 1127 2513 rationibus
1152 2449 1334 2513 confirmato
1357 2467 1429 2532 pro-

263 2559 411 2640 tulerunt,
446 2567 479 2623 ut
513 2561 687 2624 sententias
723 2580 829 2624 eorum
865 2561 1014 2644 deinceps
1049 2563 1265 2626 examinemus
1294 2579 1428 2623 necesse

264 2673 315 2750 sit,
340 2672 523 2755 priusquam
549 2671 688 2751 singulas
713 2673 942 2736 controversias
967 2673 1140 2736 diiudicare
1164 2691 1322 2736 conemur.

351 2781 489 2846 Primum
528 2781 705 2862 lllassoous,
741 2804 832 2866 qoem
866 2803 928 2848 non
963 2783 1059 2848 semel
1097 2785 1274 2848 rectissimo
1312 2782 1428 2848 iudicio

266 2915 357 2957 risum
382 2902 505 2958 esseet
527 2894 663 2958 vidimus
687 2900 717 2958 et
739 2895 928 2976 videbimus
952 2891 1070 2959 inbac
1091 2896 1216 2978 quidem
1234 2893 1429 2978 quaestionis

266 3011 358 3090 parte
382 3027 446 3068 rem
471 3013 532 3068 tam
558 3006 659 3069 obiter
681 3007 818 3086 strinxit,
842 3017 876 3070 ut
898 3027 937 3070 ue
962 3007 1021 3070 sibi
1047 3007 1172 3090 quidem
1197 3007 1260 3089 ipsi
1277 3010 1433 3069 constaret

268 3118 320 3199 (ad
345 3139 415 3181 aon.
438 3117 505 3199 Xl).
563 3117 759 3200 Quamquam
793 3119 876 3182 enim
912 3119 984 3183 libri
1019 3119 1103 3182 tertii
1138 3119 1276 3182 carmine
1311 3118 1431 3180 decimo

267 3230 360 3293 tertio
386 3229 424 3292 de
447 3231 549 3312 primo
575 3229 625 3292 dic
642 3229 738 3294 natali
756 3230 804 3310 agi
824 3231 1039 3306 contenderat,
1065 3249 1156 3312 quern
1174 3229 1305 3294 Ovidius
1323 3230 1429 3294 Tomis

269 3339 402 3404 vidisset
425 3339 488 3422 (ad.
513 3358 584 3402 ann.
608 3339 648 3421 ll,
672 3341 718 3422 4),
753 3342 797 3404 ita
830 3347 863 3404 ut
896 3347 978 3404 totus
1013 3339 1093 3404 liber
1114 3361 1176 3404 non
1200 3350 1286 3404 extra
1310 3341 1432 3404 initium

266 3453 348 3513 veris
373 3455 448 3514 anni
474 3452 534 3514 763
548 3453 557 3525 l
573 3452 613 3514 to
636 3451 863 3532 extenderetur,
893 3457 999 3516 tamen
1023 3457 1123 3515 totum
1148 3460 1291 3534 quartum
1316 3453 1430 3516 librum

267 3563 304 3625 ad
329 3582 443 3626 annum
464 3561 594 3644 lossii
622 3563 723 3627 refert.
749 3567 854 3646 Atque
871 3582 994 3626 carmen
1012 3563 1137 3646 quidem
1163 3572 1281 3628 sextum
1307 3572 1434 3648 propter

264 3693 294 3739 v.
322 3675 359 3736 19
382 3693 428 3756 sq.
462 3680 545 3738 recte
580 3680 650 3758 post
683 3682 865 3738 autumnum
895 3673 968 3737 anni
993 3675 1125 3748 tnelll
1151 3675 1308 3739 conditum
1335 3676 1433 3759 ponit,

268 3805 305 3848 ex
338 3785 535 3867 insequentis
574 3791 676 3848 autem
713 3784 865 3868 epistolae
900 3785 1044 3850 versibus
1074 3787 1184 3870 primis
1213 3785 1257 3849 nil
1280 3805 1432 3870 apparere

268 3897 387 3976 statuit,
411 3896 473 3958 nisi
497 3881 552 3960 ver
575 3895 715 3960 eiusdem
739 3897 812 3959 anni
836 3896 899 3958 iam
923 3899 1128 3980 praeteritum
1153 3917 1234 3961 esse.
1263 3897 1325 3962 Sed
1349 3898 1433 3978 vide,

268 4015 383 4089 quanta
419 4005 603 4072 difficultate
638 4007 714 4070 haec
749 4005 904 4071 sententia
937 4007 1070 4072 laboret!
1129 4007 1205 4072 Nam
1242 4029 1323 4089 cum,
1358 4009 1433 4093 quin

268 4125 442 4202 temporum
458 4119 534 4202 ordo
547 4119 579 4182 iu
593 4118 747 4182 Tristium
759 4118 849 4183 libris
863 4129 1003 4184 servatus
1017 4121 1068 4199 sit,
1092 4139 1254 4203 nunquam
1268 4119 1432 4184 lllassouus
1480 4108 1483 4111 ¹

266 4230 297 4292 in
336 4229 563 4294 dubitationem
588 4230 759 4310 vocaverit,
790 4230 869 4294 duae
892 4251 942 4295 res
966 4231 1095 4295 minime
1120 4231 1298 4314 probabiles
1323 4232 1351 4295 ei
1374 4251 1433 4315 po-

266 4341 387 4406 nendae
411 4349 492 4405 sunt.
538 4340 690 4422 Primum,
725 4343 787 4408 nisi
821 4343 901 4406 l'orte
935 4349 1028 4426 poeta
1061 4361 1118 4426 per
1153 4341 1276 4422 longius
1307 4351 1431 4427 tempus
