3184 5008
653 370 863 433 ,45-

258 553 291 619 ln
316 555 453 621 secundo
470 557 609 622 carmine
624 562 737 641 poetae
752 556 849 620 manti
866 538 1149 640 splendidissimus
1165 557 1344 642 triumphus

173 667 371 746 obversatur,
400 686 492 750 quem
521 668 560 733 de
588 667 757 734 Germania
783 671 976 752 reportatum
1005 667 1045 731 iri
1074 673 1207 751 sperat·
1235 667 1344 752 Neque

177 777 306 842 dubium
343 786 405 859 est,
441 781 517 862 quin
554 780 630 845 haec
663 785 808 865 spectent
841 779 880 844 ad
909 779 1139 864 expeditionem
1164 800 1183 844 a
1205 778 1343 862 Tiberio,

158 887 261 952 clade
275 887 411 954 Variana
427 892 580 971 nuntiata,
598 891 677 956 liues
694 889 951 956 aGermauorum
967 888 1202 954 incursionibus
1218 889 1342 954 tutandi

175 1019 270 1065 causa
303 1008 492 1085 susceptam.
549 1001 646 1068 Cuius
680 1002 819 1067 muneris
854 1020 935 1066 anno
966 1000 1082 1082 tetslt
1119 999 1341 1066 Germanicum

174 1132 298 1195 quoque
332 1113 518 1197 participem
545 1115 667 1178 lactum
703 1131 787 1193 esse,
823 1111 952 1178 Cassius
975 1111 1036 1175 Dio
1063 1110 1128 1194 (50,
1154 1111 1208 1195 25)
1233 1118 1344 1176 auctor

139 1285 143 1294 Α
177 1230 232 1289 est.
271 1222 463 1288 Brundesius
488 1227 530 1310 (p.
547 1224 624 1307 358)
648 1231 751 1288 autem
774 1223 891 1309 duplex
913 1223 989 1288 illud
1006 1225 1174 1308 imperium
1198 1224 1255 1290 boe
1270 1225 1341 1308 ipso

176 1334 314 1398 carmine
346 1315 587 1399 ¹commemorari
621 1335 890 1400 amimadvertisso
936 1335 996 1400 sibi
1042 1336 1128 1400 visus
1162 1339 1218 1401 cst.
1278 1334 1342 1400 Sed

175 1446 287 1528 primis
311 1447 453 1510 versibus
475 1449 490 1510 l
515 1469 576 1530 sq.:

326 1557 393 1620 lam
415 1561 481 1621 t‘era
504 1559 693 1622 Caesaribus
717 1559 895 1638 Germania,
918 1561 1007 1622 totus
1029 1561 1066 1622 ut
1089 1560 1175 1622 orbis

377 1669 468 1732 Victa
490 1675 579 1749 quotes
602 1671 690 1732 tlexo
708 1670 915 1750 succubuisse
938 1689 1020 1748 genu

256 1776 432 1858 Augustum
458 1797 550 1863 quam
575 1778 794 1845 Germanicum
820 1799 973 1844 unacum
997 1779 1123 1844 liberio
1147 1781 1210 1844 dici
1233 1780 1336 1866 aptius

171 1871 361 1968 statuemus,
411 1907 497 1971 cum,
546 1891 608 1956 nisi
646 1891 778 1970 Augusti
813 1891 971 1956 mentione
1003 1891 1119 1956 iniecta
1159 1891 1210 1955 vix
1252 1896 1337 1955 totus

178 1999 263 2063 orbis
287 1997 456 2064 subiectus·
472 1999 574 2066 afferri
597 2001 709 2086 possit.
744 2001 793 2065 Ad
810 2019 888 2084 quos
908 2021 1032 2066 versum
1051 2019 1176 2084 quoque
1191 2009 1335 2066 octavum

175 2116 333 2193 spectare:

321 2223 475 2304 Donaque
498 2225 672 2288 amicorum
694 2226 823 2306 templis
846 2227 1005 2306 promissa
1026 2227 1158 2290 deorum

373 2333 513 2398 Reddere
534 2336 670 2399 uictores
693 2333 820 2400 Caesar
841 2336 990 2416 uterquc
1011 2339 1125 2417 parent

172 2462 208 2506 eo
233 2445 442 2508 certissimum
461 2460 518 2523 est,
544 2424 624 2528 qood
643 2455 706 2510 tum
725 2447 850 2512 demum
868 2446 1076 2512 Germanicus·
1087 2445 1245 2512 inducitur
1260 2466 1289 2511 v.
1302 2448 1332 2513 a.

322 2555 360 2618 Et
383 2557 438 2638 qui
461 2557 613 2622 Caesareo
637 2560 766 2623 iuuenes
790 2561 850 2623 sub
873 2560 1001 2624 nomine
1018 2563 1174 2640 crescunt,

255 2775 282 2841 ls
317 2779 399 2845 enim
434 2799 503 2844 cum
533 2779 636 2844 Druso
665 2781 786 2845 minore
819 2779 1049 2860 intellegendus
1077 2786 1133 2847 est.
1157 2815 1198 2828 -
1221 2779 1337 2844 Versus

171 2888 307 2973 denique
332 2892 371 2956 19
395 2911 455 2974 sq.:

325 3001 405 3082 Ergo
429 3004 532 3066 omnis
554 3004 693 3084 populus
716 3003 834 3083 poterit
856 3005 999 3082 spectare
1019 3003 1211 3083 triumphos,

376 3113 518 3196 Cumque
541 3115 658 3178 dueum
679 3114 785 3178 titulis
808 3114 925 3194 oppida
946 3116 1040 3194 napta
1060 3114 1153 3192 leget.
1255 3165 1258 3172 .

167 3222 280 3288 mirum
317 3243 392 3289 sane
425 3224 458 3290 in
494 3225 620 3290 modum
644 3224 834 3290 Brandesius
867 3225 912 3288 ita
946 3223 1169 3308 interpretatus
1202 3230 1265 3304 est,
1301 3231 1336 3290 ut

172 3333 306 3417 „ducum
349 3335 479 3402 titulos'’
520 3336 559 3401 de
596 3335 805 3400 Romanorum
847 3335 1090 3420 imperatoribus
1123 3334 1327 3416 intellegeret.

167 3443 232 3510 Sed
256 3456 329 3512 sunt
350 3447 538 3512 sinedubio
561 3448 690 3513 nomina
712 3451 744 3512 ct
765 3447 899 3512 honores
915 3446 1029 3511 dueum
1045 3447 1250 3532 captiuorum,
1275 3448 1328 3530 qui

165 3575 265 3640 aeque
278 3563 371 3641 atque
384 3558 508 3622 urbium
524 3559 718 3644 captivarum
730 3558 868 3639 uomina,
885 3555 1001 3622 tabulis
1013 3558 1166 3643 inscripta
1177 3558 1211 3622 in
1220 3559 1333 3624 uium-

163 3667 230 3754 pho
251 3668 439 3734 ferebantur.
473 3655 608 3753 Confer,
632 3688 760 3753 quaeso,
785 3669 948 3754 quaesibi
972 3669 1004 3733 in
1029 3667 1148 3735 Tiberii
1169 3669 1331 3755 triumpho
1389 3725 1392 3730 .

167 3778 377 3845 describendo
402 3769 540 3846 defuisse
563 3779 695 3846 Ovidius
719 3781 860 3866 queritur
883 3799 929 3848 ex.
945 3779 980 3847 P.
998 3777 1050 3863 lll,
1073 3781 1105 3862 4,
1128 3781 1170 3846 39
1193 3801 1239 3865 sq.

315 3891 382 3958 Nec
402 3893 483 3956 mihi
504 3896 581 3958 nota
603 3893 730 3958 dueum.
753 3911 812 3960 nee
834 3898 910 3958 suut
930 3894 1011 3958 mihi
1032 3895 1110 3958 nota
1130 3895 1273 3959 locorum

366 4003 506 4070 Nomina
529 4053 663 4068 .....

249 4112 459 4192 Quamobrem
492 4133 532 4180 ne
565 4113 617 4180 hic
649 4115 777 4199 quidem
812 4114 961 4180 bellorum
996 4115 1115 4181 mentio
1138 4115 1178 4180 ad
1203 4121 1329 4201 tempus

158 4225 312 4292 carminis
335 4225 506 4292 eruendum
531 4225 702 4311 quidquam
725 4225 869 4292 utilitatis
892 4225 994 4294 habet.

248 4335 356 4421 Neque
383 4337 488 4402 minus
519 4336 604 4404 omni
632 4343 807 4422 temporum
835 4337 1089 4406 indicio'carent
1113 4337 1254 4404 carmina
1276 4335 1329 4420 lll,
