3184 5008
653 391 976 457 -57-¹

258 577 410 664 Apparet,
433 597 504 650 cnm
526 578 625 647 fuisse
648 577 790 668 Brutum,
813 577 868 666 qui
891 575 933 644 de
954 555 1249 660 carminumsalute
1264 577 1332 666 elfi-

177 707 281 774 cacem
305 689 462 774 quandam
499 694 608 774 posset
629 689 756 754 babere
778 708 894 754 curam.
938 687 1046 772 Neque
1069 688 1170 758 solum
1194 689 1335 774 potuisse

174 819 245 866 enm
280 799 326 882 de
351 801 477 880 ingenio
510 799 617 866 Ovidii
648 800 772 881 mereri,
803 799 858 866 sed
887 819 920 866 re
953 819 1028 865 vera
1050 800 1192 866 meritum
1217 820 1338 883 assae

175 911 263 978 tertii
285 909 358 976 libri
382 910 517 996 epistola
539 911 873 992 nonacognoscimns.
919 909 1099 997 Respondet
1132 911 1215 976 onim
1244 916 1339 997 pocta

177 1022 216 1086 ad
238 1021 328 1086 Bruti
351 1020 529 1108 epistolam,
552 1041 615 1112 qua
634 1011 686 1086 ille
702 1021 953 1106 aequabilitatem
974 1022 1200 1087 sententiarum
1219 1022 1252 1086 in
1264 1041 1335 1098 ‚car-

175 1132 314 1198 minibus
338 1133 406 1200 eius
429 1132 774 1219 maximereprehendi
797 1132 1005 1218 nuntiaverat.
1039 1131 1116 1198 Tum
1131 1133 1246 1218 'operis
1261 1133 1338 1200 vitia

176 1243 335 1310 scribendi
361 1243 547 1320 condicione
572 1250 770 1311 excusantur.
815 1242 873 1310 His
896 1244 936 1308 ad
959 1239 1088 1313 Brutum
1112 1244 1250 1329 scriptis,
1273 1244 1335 1310 iam

177 1353 352 1422 accuratius
375 1353 594 1443 cognoscimus
618 1375 701 1453 enm?
725 1355 779 1439 qni
802 1337 917 1421 Romae
941 1375 1046 1438 curam
1067 1355 1273 1442 impenderet,
1297 1376 1345 1432 ne,

176 1465 292 1532 exsulis
315 1471 429 1551 poetae
451 1485 549 1552 opera
571 1467 886 1551 lugerentbominum
902 1467 1069 1550 incuriam,
1085 1486 1163 1537 nure
1179 1467 1336 1536 oblivione
1404 1542 1408 1552 ¹
1462 1485 1465 1497 ¹

179 1575 392 1644 obruerentur.

262 1687 457 1768 Adumbrata
479 1695 580 1756 autem
605 1687 696 1754 Bruti
718 1690 866 1772 imagine,
902 1689 1004 1773 qualis
1033 1708 1049 1754 e
1072 1687 1172 1754 tribus
1195 1688 1338 1772 epistolis

176 1798 290 1878 evadit,
316 1799 529 1882 quaerendum
553 1806 611 1882 est,
628 1819 701 1864 num
717 1800 820 1864 virum
837 1799 971 1882 aliquem
989 1821 1006 1864 e
1021 1808 1196 1885 temporum
1214 1799 1337 1864 illorum

174 1910 327 1974 memoria
359 1916 465 1978 notum
501 1911 661 1996 possimus
690 1929 922 1992 recognoscere.
957 1913 1003 1976 Ac
1025 1910 1175 1976 Dinterus
1199 1910 1338 1996 quidem,

175 2039 363 2104 quamquam
388 2021 560 2106 inpriore,
585 2034 664 2105 quac
687 2027 735 2086 est
758 2020 796 2105 de
812 2021 955 2110 epistolis
973 2013 1160 2103 geeronto'’
1176 2039 1336 2088 common-

125 2153 126 2160 *
153 2131 314 2216 'tationc‚,
329 2131 473 2216 Brutum,
509 2131 614 2197 Ovidii
643 2133 778 2219 amicum
803 2132 930 2197 aliunde
952 2153 1015 2196 non
1038 2140 1144 2198 notum
1170 2153 1239 2212 esse
1262 2153 1338 2198 con-

179 2243 321 2312 tenderat
342 2249 386 2329 (p.
401 2243 456 2330 Ι2),
480 2251 592 2330 postea
614 2245 708 2330 (conr.
725 2242 763 2325 ll,
787 2263 817 2329 p.
836 2244 867 2326 2)
892 2241 1097 2309 Woelffelium
1122 2244 1165 2328 (p.
1180 2243 1260 2308 2187
1272 2236 1334 2327 sq.)

176 2360 307 2420 secutus.
326 2355 366 2420 ad
389 2362 508 2420 certum
537 2335 680 2438 aliquem
700 2351 800 2420 virum
828 2353 884 2434 illa
906 2360 1006 2419 aetate
1028 2352 1165 2432 nobilem
1188 2353 1245 2418 hus
1269 2353 1336 2437 epi-

180 2463 275 2529 stolas
287 2465 443 2549 pertinere
456 2464 517 2530 sibi
530 2465 696 2558 persuasit
715 2464 814 2542 Quam
828 2466 1028 2547 sententiam,
1042 2485 1060 2530 a
1072 2485 1133 2549 qua
1143 2463 1334 2548 Lorentzii1)

177 2593 300 2658 quoqne
324 2579 388 2640 tota
411 2575 586 2661 disputatio
620 2577 747 2662 pendet,
783 2573 959 2642 Graeberns
994 2575 1173 2660 improbare
1199 2575 1334 2657 videtur.

177 2685 295 2771 quippe
329 2687 383 2769 qui
416 2687 449 2750 in
482 2687 700 2770 quaestionum
735 2685 961 2752 Ovidianarum
992 2695 1079 2771 parte
1113 2686 1215 2752 adhuc
1238 2686 1331 2768 edic„

177 2815 256 2880 quae
290 2799 340 2862 est
372 2795 410 2861 de
445 2794 550 2860 Ovidii
583 2795 759 2861 fautoribus
791 2795 891 2860 nobili
918 2794 986 2860 loco
1015 2797 1096 2862 natis
1119 2795 1248 2860 Brutum
1273 2815 1335 2861 non

177 2907 326 2988 attigerit.
372 2907 418 2972 lili
454 2912 558 2972 autem
582 2906 622 2972 Μ.
646 2906 770 2971 lunium
803 2905 946 2990 Silanum
980 2906 1237 2988 intellegunt,'de
1261 2927 1334 2990 quo,

176 3037 256 3102 quae
278 3017 394 3082 tradita
416 3022 502 3098 sunt,
530 3016 741 3108 Mommsepus
770 3016 987 3100 composuit2).
1030 3016 1103 3081 Fuit
1125 3018 1233 3082 consul
1256 3037 1336 3082 anno

176 3128 290 3200 roano
312 3148 344 3213 p.
368 3127 455 3207 Chr,
478 3128 580 3212 primo
605 3126 792 3218 Tiberianae
808 3127 1032 3192 dominationis
1048 3135 1198 3212 tempore.
1229 3126 1335 3210 Neque

176 3259 215 3303 eo
238 3239 308 3304 solo
328 3238 445 3304 indicio
469 3239 670 3323 perspicitur,
705 3245 857 3322 quantum
892 3238 977 3323 apud
1012 3238 1094 3302 hunc
1116 3239 1337 3323 imperatorem

175 3348 318 3414 valuerit.
363 3349 439 3414 Nam
464 3355 495 3412 et
521 3350 628 3430 frater,
654 3348 707 3432 qui
729 3354 860 3434 propter
881 3348 1069 3414 adulterium
1093 3367 1162 3413 oum
1179 3347 1256 3412 lnlia
1278 3349 1338 3412 mi·

179 3479 257 3524 nore
291 3461 493 3525 commissum
527 3459 604 3525 urbe
639 3459 774 3540 carebat,
799 3460 866 3523 eins
893 3461 1028 3546 maxime
1051 3459 1152 3541 gratia
1173 3459 1335 3523 restitutus

177 3568 267 3652 (Tac.
295 3573 377 3636 Ann.
402 3569 452 3650 ΙΙΙ,
477 3570 542 3652 24),
578 3576 609 3634 et
640 3570 705 3635 lilia
738 3568 772 3636 O.
796 3569 925 3636 Caesari
948 3569 1067 3635 Tiberii
1091 3568 1267 3636 successori
1302 3569 1334 3633 in

175 3682 411 3748 matrimonium
446 3682 517 3747 datu
550 3687 607 3748 cst.
664 3680 723 3746 Cui
755 3685 860 3746 tamen
888 3687 950 3746 tam
986 3679 1164 3766 periculosa
1197 3680 1338 3765 potentia

176 3792 246 3857 eius
268 3793 337 3858 visa
359 3801 418 3872 est,
441 3800 476 3858 ut
497 3811 593 3870 regno
616 3792 735 3877 potitus
759 3811 828 3856 eum
853 3790 975 3857 tolleret
990 3790 1087 3876 (Suet.
1102 3791 1169 3857 Gai.
1185 3792 1236 3871 23,
1261 3789 1333 3856 Tac.

179 3905 256 3986 Agr.
271 3903 324 3988 4).
368 3902 427 3968 His
460 3903 486 3967 si
522 3903 678 3968 adicimus
712 3901 907 3986 eloquentiae
930 3902 1065 3998 laudem,
1089 3908 1185 3968 totam
1204 3903 1262 3967 viri
1286 3902 1336 3965 in-

176 4013 279 4078 dolem
304 4015 422 4100 optime
444 4035 463 4079 a
485 4013 594 4080 Tacito
617 4033 797 4098 expressam
831 4018 1007 4081 statuemus
1040 4013 1159 4081 verbis:
1195 4051 1255 4096 „—
1279 4013 1333 4097 qui

244 4268 266 4337 ¹)
286 4270 303 4324 l.
324 4285 345 4326 c.
363 4287 390 4339 p.
408 4270 441 4326 38
459 4287 518 4342 sqq.

244 4363 268 4432 ²)
287 4363 444 4433 Ephenuerir
462 4365 555 4438 Epigr.
573 4365 596 4431 Ι,
614 4379 640 4432 p.
659 4365 692 4420 60
709 4379 749 4434 sq.
