3178 5018
567 307 891 428 1-·99-

193 552 339 628 eventus„
374 553 409 610 nt
442 555 515 631 apte
543 547 685 628 ,disiungi
718 557 827 634 posset
859 548 984 630 edelr,
1020 569 1101 634 uuae
1121 550 1265 616 insecuta
1288 555 1364 618 snut
1421 525 1423 544 Ι

194 677 295 740 nsque
330 657 370 746 ad
404 663 505 729 tntum
528 656 737 728 Romanarum
764 660 933 745 imperium
957 657 1127 726 cenciano
1151 659 1366 728 subiunctum.

193 767 282 846 Quae
309 767 348 832 ab
373 766 520 834 Ouidiani
546 770 658 836 natans
675 773 777 854 pceta
798 771 919 838 emissa
941 789 1022 851 esse,
1046 791 1108 836 nou
1133 770 1282 838 credibile
1305 777 1364 838 est.

138 962 142 972 ν
194 879 317 945 Contra
349 899 406 963 per
441 899 475 946 se
495 879 599 946 solum
624 879 740 946 bellum·
761 880 916 962 Siculum,
951 901 1012 965 quc
1030 881 1133 948 maris
1153 881 1365 967 imperiumn

195 988 347 1074 Pompeio
371 989 410 1054 ad
434 989 639 1057 Octavianum
664 991 846 1058 translatum
872 997 940 1074 est,
958 992 1085 1077 nptime
1108 992 1210 1076 putuit
1232 993 1364 1077 proprie

194 1101 336 1189 narminp
360 1100 507 1178 describi.
1176 1170 1177 1178 ,

277 1211 338 1276 His
371 1213 547 1278 rationibus
581 1212 672 1280 uubis
705 1212 946 1298 persuademus,
980 1220 1078 1288 totum
1103 1212 1213 1280 Severi
1236 1231 1365 1280 carmen

192 1323 228 1391 in
252 1321 332 1391 belle
350 1321 457 1388 Siculo
482 1323 669 1390 celebrando
693 1331 851 1392 versatum
876 1344 957 1405 esse,
981 1323 1157 1408 praemissa
1180 1323 1266 1390 brevi
1286 1344 1361 1408 qun

177 1433 266 1522 ¹dam
301 1435 453 1518 temporis
488 1434 630 1518 proxime
652 1434 870 1503 antecedentis
894 1434 1111 1515 enarratione,
1146 1432 1229 1500 nude
1252 1455 1364 1500 uersus

193 1545 234 1610 de
269 1544 434 1610 Ciceronis
469 1552 567 1610 merle
602 1544 762 1629 desumpti
795 1545 951 1613 videntur.
994 1545 1081 1622 Quae
1100 1554 1146 1611 et
1180 1545 1230 1636 vir
1260 1545 1363 1610 omitti

193 1662 328 1740 poterat,
346 1662 385 1734 ,et
406 1655 516 1740 paucis
540 1655 672 1720 absclvi.

230 1835 235 1845 ,
282 1766 344 1832 Sed
369 1782 558 1850 quamquam
576 1765 723 1832 carminis
742 1763 904 1832 Seueriani
921 1773 1138 1846 argumentum
1155 1767 1231 1834 artis
1246 1764 1363 1832 linibus

195 1877 519 1944 circumscribendum
541 1878 675 1957 videtur,
699 1886 803 1942 tamen
829 1876 872 1942 nil
896 1863 1038 1962 impddlt,
1066 1879 1234 1962 queminus
1257 1899 1362 1960 gram·

196 1989 303 2054 malici
336 1988 446 2052 verba:
482 1987 669 2070 ,Cornelius
697 1988 832 2054 Severus
861 2004 982 2054 rerum
1004 1987 1242 2056 Romanarum
1265 1989 1363 2056 ltnl

196 2099 303 2167 dicit.”
327 2136 367 2146 -
390 2097 494 2180 (Eich.
524 2119 554 2165 u.
578 2098 666 2166 Eudl.
697 2099 810 2166 Annal.
833 2119 879 2180 gr.
901 2119 939 2184 p.
957 2100 1020 2166 216
1049 2097 1116 2164 Keil
1132 2097 1184 2180 IV,
1202 2101 1263 2164 207
1281 2101 1364 2183 sqq.)

196 2209 237 2273 de
266 2209 324 2274 hcc
352 2209 422 2292 ipsc
442 2209 580 2275 carmine
603 2209 834 2291 intellegamus.
878 2211 983 2293 Atque
1004 2209 1036 2274 in
1060 2210 1109 2274 his
1133 2209 1259 2293 quidem
1283 2211 1364 2276 titu-

195 2319 260 2384 lum
285 2339 558 2402 recognoscemus,
575 2341 649 2404 ,quc
672 2320 858 2406 inscriptum
882 2321 987 2405 ipsum
1011 2319 1119 2385 Severi
1143 2339 1222 2405 epus
1246 2322 1372 2385 circum

192 2431 368 2510 terebatur,
399 2429 634 2508 aQuintiliano
659 2411 876 2513 argumentum
901 2432 1007 2517 petius
1031 2430 1180 2496 carminis
1204 2430 1363 2512 signitica-

193 2545 274 2622 tum,
313 2561 406 2625 quam
443 2561 558 2606 nomen
597 2547 742 2608 accurate
776 2540 937 2608 laudatum
971 2541 1215 2627 suspicabimur.
1272 2540 1364 2618 Quae

99 2641 101 2644 ⁵
193 2660 297 2718 autem
322 2651 481 2732 Beckerus
503 2651 594 2734 (590)
629 2653 723 2716 etiam
751 2649 901 2718 librorum
926 2671 1111 2734 numerum,
1145 2651 1261 2736 quibus
1282 2673 1364 2738 cpns

195 2770 367 2844 constaret,
392 2782 500 2828 cruere
523 2769 653 2826 conatus
677 2767 737 2843 est,
767 2763 906 2842 argutius
929 2782 1021 2845 qnam
1038 2763 1143 2828 verius
1160 2762 1199 2828 ab
1215 2783 1252 2828 cn
1269 2763 1364 2828 insti·

193 2880 300 2940 tutum
325 2895 394 2939 esse
417 2893 509 2939 neme
532 2894 594 2938 unu
619 2873 712 2940 videt.
965 2939 967 2950 ¹

282 2984 469 3065 Fragmenta
503 2985 704 3065 brevissima,
741 2985 857 3068 passim
893 2984 1144 3066 agrammaticis
1179 2991 1301 3049 servata
1323 2983 1364 3050 nd

195 3097 411 3180 quaestionem
435 3104 572 3162 nostram
597 3095 641 3160 nil
665 3097 838 3162 conferunt.
882 3093 1020 3172 Quorum
1039 3095 1102 3174 uui,
1124 3094 1207 3178 quod
1223 3096 1364 3160 numeris

194 3207 300 3270 adhuc
335 3213 479 3272 coercere
514 3228 576 3273 nnn
601 3206 747 3288 (contigit,
777 3205 936 3274 Beckerus
959 3205 1216 3287 ingeniosissima
1238 3207 1364 3270 coniec-

196 3323 271 3386 tura
302 3316 456 3386 medelam
491 3317 600 3382 afferre
636 3317 881 3399 cunutusest1).
926 3315 1024 3394 Quem
1054 3316 1267 3401 recipiendam
1292 3336 1363 3384 esse

196 3435 232 3494 ut
251 3435 329 3494 'uon
361 3427 454 3513 plane
488 3429 738 3512 persuademur,
769 3427 813 3492 ita
836 3426 868 3492 id
892 3427 1035 3506 eflicitur,
1071 3425 1167 3494 verba
1188 3426 1242 3492 illa
1265 3427 1365 3510 magis

194 3545 345 3625 suspecta
377 3560 463 3619 esse,
500 3558 592 3622 quem
616 3546 651 3605 ut
673 3540 718 3604 eis
742 3539 807 3618 usi,
843 3545 896 3602 aut
918 3558 936 3602 a
959 3537 1105 3604 Cornelia
1129 3537 1245 3604 Severo
1269 3539 1365 3604 etiam

194 3669 294 3735 prosa
326 3651 467 3715 eratione
503 3650 621 3734 scripta
654 3650 840 3735 composita,
864 3669 950 3728 csse,
980 3654 1035 3715 aut
1067 3649 1222 3716 aCassic
1244 3649 1361 3715 Severo

195 3761 293 3830 rurba
315 3760 417 3847 petita
437 3781 507 3828 esse
531 3767 714 3829 statuamus.
1337 3758 1339 3764 ’

285 3871 351 3953 His,
367 3892 457 3958 ,quae
480 3872 519 3938 de
535 3871 682 3940 Cornelio
698 3874 811 3964 Seuero
836 3871 962 3955 cognita
983 3869 1148 3954 habemus,
1170 3869 1257 3938 nulla
1272 3870 1366 3938 dubi-

194 4043 400 4061 -fid-*u—-n-—u

274 4146 296 4215 ¹)
314 4164 340 4218 p.
354 4149 415 4204 595:
434 4146 524 4202 Verba
541 4146 712 4201 nPrisuiano
728 4145 853 4201 laudata:
870 4144 904 4212 X,
916 4145 961 4200 57:
972 4173 1004 4182 -
1015 4143 1064 4211 ,de
1083 4147 1157 4198 elatu
1175 4159 1224 4198 aun
1234 4173 1265 4182 —
1278 4142 1367 4214 adque

194 4240 308 4300 saltite’
321 4245 450 4314 cnmupta
460 4243 580 4298 censete
594 4241 755 4308 ,distractor
768 4243 848 4310 alque
861 4237 980 4302 ualitud',
993 4238 1066 4309 qnod
1077 4237 1221 4311 Diomedes
1235 4238 1366 4293 serravit.

194 4335 225 4403 (1
241 4351 269 4404 p.
281 4334 331 4388 ete
344 4335 386 4404 Ρ.)

1163 4434 1192 4488 7⁸
