3178 5018
736 374 943 438 ..on-

255 576 327 644 pus,
351 579 412 642 quo
435 559 541 624 tamen
558 557 691 638 Ovidius
714 558 753 622 oe
776 519 1206 626 cousulatuslronore'initio
1226 561 1421 644 insequentis

255 669 328 734 euni
353 669 391 734 ad
415 669 551 735 amioum
574 669 744 736 deferendo
768 670 1171 738 nondumcertiorfactus
1193 678 1268 737 erat
1443 677 1451 684 ’

267 783 271 798 “
340 779 449 864 Neque
471 782 589 846 ‘miuus
620 781 656 846 in
690 780 826 866 epistola
853 782 988 866 septima
1010 781 1209 852 coniectandi
1233 801 1309 847 anso
1332 801 1423 866 praa

256 890 358 957 betur.
397 891 474 956 Nam
492 891 649 956 Vestalem
666 893 878 958 centurionem
898 913 972 958 esse
995 891 1163 968 enQvidii
1180 893 1283 958 verbis
1308 895 1349 975 (r.
1369 895 1421 976 16)

255 1010 403 1087 apparet,
438 1003 483 1066 ita
516 1009 551 1067 ut
582 1002 633 1066 rix
661 1004 764 1088 possit
786 1023 855 1070 esse
879 1003 1021 1084 dubium,
1046 1005 1120 1087 quin
1145 1010 1228 1070 recte
1251 1003 1421 1070 Scholzios'

254 1116 300 1198 (p.
317 1115 371 1195 36)
396 1114 497 1192 'leniti
524 1114 620 1178 uerba
632 1115 656 1195 1)
685 1114 723 1179 ad
747 1115 880 1180 eundem
904 1122 1049 1200 spectare
1069 1122 1212 1182 statuat„
1241 1115 1291 1180 Ad
1314 1115 1422 1180 turbas

255 1225 355 1306 igitur
387 1229 462 1308 post
493 1225 628 1302 Augusti
663 1233 795 1290 mortem
828 1227 910 1290 inter
944 1226 1060 1310 Cotyn.
1088 1233 1129 1290 et*
1151 1225 1420 1311 Rhescuporidem

258 1335 410 1400 Thraciae
434 1355 523 1416 reges
547 1340 672 1400 exortas
695 1343 851 1420 spectant,
877 1357 956 1421 quoe
980 1338 1018 1402 de
1036 1337 1171 1403 Vestalis
1193 1357 1323 1404 munere
1346 1336 1420 1402 Ovi·

256 1447 328 1511 dios
353 1441 430 1510 dicit
451 1467 479 1511 r.
500 1453 510 1509 l
533 1466 595 1528 so:
686 1481 688 1490 v
1193 1513 1195 1519 ,

387 1558 526 1624 -lliissus
550 1577 583 1620 es
607 1559 746 1624 Euxinas
770 1561 930 1640 quomam,
954 1561 1094 1624 Vestalis
1117 1563 1157 1624 ad
1180 1563 1293 1638 uurlas,
1377 1599 1379 1606 ι

459 1670 503 1732 llt
527 1671 641 1749 positis
664 1673 777 1736 reddas
800 1673 870 1734 iura
893 1674 953 1735 sub
976 1691 1035 1736 axe
1058 1674 1137 1736 locis
1161 1723 1168 1737 .
1193 1723 1199 1736 .
1224 1709 1241 1736 ,ι

341 1778 418 1860 Sed,
436 1789 477 1844 ut
498 1787 633 1864 tempus,
659 1782 743 1864 quod
766 1783 900 1860 Augusti
925 1788 1056 1847 mortem
1080 1784 1222 1866 proxime
1246 1785 1420 1848 insecutum

255 1897 318 1970 est,
343 1891 540 1971 agnoscitur,
563 1892 608 1954 ita
631 1892 715 1972 anni,
741 1911 801 1975 quo
826 1893 965 1958 centurio
989 1892 1040 1956 ille
1063 1893 1182 1960 missus
1202 1894 1255 1974 sit,
1278 1902 1421 1958 accurate

255 2000 426 2066 deliniendi
448 2001 579 2068 facultas
603 2002 703 2067 Taciti
726 2003 905 2068 narratione
930 2022 990 2068 nou
1014 2005 1114 2070 datur.
1193 2039 1194 2048 κ

343 2112 489 2177 Eiusdem
519 2119 620 2203 autem
645 2113 761 2179 auxilio
789 2115 940 2199 epistolae
965 2122 1094 2184 octavae
1124 2122 1248 2200 tempus
1272 2115 1421 2182 constitui

255 2231 394 2308 potest
420 2224 636 2310 Compositom
672 2246 738 2290 earn
774 2247 844 2292 esse
876 2246 940 2292 nou
974 2228 1018 2292 ita
1053 2227 1152 2292 molto
1185 2231 1420 2312 postmortem

255 2336 403 2416 Augusti,
427 2337 473 2400 eis
496 2337 699 2420 perspicitur,
724 2356 804 2419 quae
829 2343 923 2421 potita
946 2338 985 2402 ad
1009 2338 1175 2404 Caesarem
1198 2337 1419 2403 Gerruauicum

254 2465 425 2510 conversus
448 2446 567 2531 profert
588 2467 616 2511 r.
634 2448 675 2511 63
690 2467 753 2530 sq.:
807 2483 810 2490 ·

406 2557 445 2620 Et
467 2555 583 2636 modo,
607 2558 730 2636 (laesor,
754 2578 859 2638 avum,
884 2579 978 2640 quem
1000 2561 1103 2624 uirtus
1126 2561 1249 2624 addidit
1272 2562 1377 2638 astris,

458 2668 630 2733 Sarraruut
654 2672 762 2750 aliqua
784 2673 926 2734 carmina
948 2678 1037 2752 parte
1059 2677 1161 2736 tuum.

340 2779 483 2844 Suillium
524 2787 648 2861 autem,
690 2783 728 2844 od
770 2802 861 2865 quem
906 2783 1040 2867 epistola
1077 2782 1150 2846 data
1186 2790 1249 2864 est,
1292 2783 1420 2847 Tacitus

254 2891 348 2974 (Anu.
367 2891 417 2972 lV,
435 2892 489 2972 Sl)
518 2892 694 2976 „quondam
725 2900 922 2975 quaestorem
948 2893 1146 2958 Germaniam
1174 2895 1288 2974 fuisse,
1319 2912 1419 2976 neque

254 3009 359 3066 tamen
390 3022 450 3086 quo
478 3008 619 3087 tempore
644 3003 701 3068 troo
729 3023 856 3070 munere
880 3005 1004 3070 iunctus
1029 3005 1085 3084 sit,
1114 3005 1218 3070 tradit.
1264 3005 1325 3070 Sed
1349 3024 1418 3069 cour

254 3133 311 3198 per
343 3114 446 3196 ipsum
477 3113 625 3178 Ovidium
663 3114 849 3179 edoceamur
883 3117 924 3198 (r.
942 3118 980 3180 21
999 3115 1099 3198 sqq.),
1133 3125 1214 3196 tum,
1249 3135 1319 3180 curn
1344 3115 1420 3208 haec

254 3222 389 3307 epistola
411 3224 610 3305 scriberetur,
634 3224 721 3290 illum
746 3225 830 3309 apud
847 3224 1068 3290 Germanicum
1084 3225 1253 3310 plurimum
1271 3227 1418 3306 valuisse,

255 3333 517 3399 verisimillimum
543 3342 600 3412 cst,
624 3355 694 3400 eom
712 3335 823 3421 primis
836 3336 955 3403 Tiberii
971 3337 1170 3421 imperatoris
1186 3338 1277 3402 anuis
1294 3347 1420 3420 quaest·

254 3466 339 3508 orenr
365 3446 473 3522 fuisse,
498 3446 612 3529 quibos
629 3445 835 3512 Germanicus
858 3448 891 3512 in
910 3446 1078 3512 Germania
1097 3448 1245 3514 exercitui
1261 3453 1417 3533 praeerat.

254 3556 312 3621 Cui
337 3557 430 3620 aetati
455 3556 535 3622 lianc
558 3577 682 3642 quoque
705 3557 872 3642 epistolam
896 3558 964 3622 iure
986 3559 1196 3626 attribuimus.
1241 3559 1316 3624 llam
1334 3557 1419 3642 quod

255 3663 447 3733 Woeltlelios
481 3673 524 3754 (p.
542 3668 674 3750 sonmo
708 3675 772 3734 tam
809 3668 1001 3749 confidenter
1033 3671 1155 3755 posuit,
1189 3678 1263 3754 post
1283 3671 1418 3738 reditum

324 3981 345 4042 1)
366 3981 429 4034 Tae.
448 3978 515 4034 Auuss
532 3979 569 4045 11,
582 3979 628 4033 65:
647 4022 654 4035 .
673 4021 679 4034 .
698 4023 704 4036 .
729 3979 831 4048 delegit
855 3980 1037 4042 centurionem
1061 3981 1115 4048 (eet
1132 3980 1266 4050 Tiberius)
1286 3981 1332 4052 qui
1350 3996 1417 4034 nuu-

252 4076 337 4130 tiaret
354 4073 462 4142 regibus
482 4075 544 4138 (set.
559 4072 641 4142 Cotyi
659 4077 688 4126 et
707 4073 911 4144 Rhescuporidi)
929 4091 963 4128 ne
981 4075 1063 4128 armis
1084 4072 1274 4144 disceptarent.

321 4167 344 4235 2)
361 4163 370 4222 '.
389 4207 395 4222 .
414 4204 423 4221 .
441 4209 447 4221 .
466 4165 594 4219 wah'reud
613 4165 660 4220 das
679 4166 821 4233 (cautent)
836 4173 874 4221 'ao
895 4167 1006 4222 Suillius
1024 4167 1065 4237 (8)
1095 4183 1145 4221 nur
1161 4169 1189 4222 iu
1209 4169 1259 4222 den
1272 4165 1372 4222 Herbst
1387 4167 1418 4220 16

252 4263 337 4319 fallen
355 4263 435 4328 kann,
454 4262 489 4315 da
506 4262 534 4314 iu
554 4261 653 4314 diesem
666 4262 684 4315 J
686 4261 749 4314 alrre
763 4268 818 4315 erst
832 4244 1016 4328 Germanicus,
1036 4263 1078 4315 bei
1092 4263 1217 4316 welchern
1232 4263 1289 4317 sich
1307 4263 1420 4318 Suillius

250 4356 408 4412 vernouden
426 4354 481 4408 rrill
499 4355 555 4409 und
574 4354 632 4420 soll,
651 4373 700 4410 aus
720 4355 905 4411 lleutrclrlaud
924 4357 1136 4425 curriclrgeruleu
1155 4357 1255 4414 worda.
