3178 5018
646 307 933 396 -ar-'

167 517 286 584 litteras
310 525 340 582 et
363 517 486 584 dederit
519 524 552 588 et
585 519 763 605 acceperit?
807 519 1056 604 Meminerimus,
1088 528 1164 606 quot
1188 523 1338 607 epistolas

169 630 339 725 Cicerones
363 630 475 698 fratres
498 630 632 698 invicem
657 630 718 695 sibi
736 632 898 718 miserint,
921 651 994 698 oum
1016 632 1093 698 alter
1109 632 1225 718 Romae
1241 639 1339 718 esset,

169 741 378 808 alternatio
403 741 550 834 Sardinia
573 749 758 826 moraretur,
796 748 850 808 ant
882 743 915 808 in
939 742 1041 808 Gallia
1062 745 1147 830 apud
1171 744 1339 812 Gaesarem

168 853 331 938 stipendia
363 855 489 919 laceret.
546 854 613 936 (cfr.
637 853 676 934 ad
705 851 741 930 Q.
765 855 802 919 fr.
826 841 955 936 lll,S,2
979 853 1028 920 all.
1052 858 1116 938 -).
1173 854 1257 932 Quas
1286 863 1340 936 aut

167 985 225 1050 per
247 965 395 1050 proprios
418 965 560 1046 nuntios,
596 975 649 1029 aut
682 984 739 1048 per
762 964 907 1030 Caesaris
931 965 979 1030 vel
1005 965 1136 1050 Labieni
1159 967 1354 1045 tabellariosx

168 1075 304 1160 perlatas
328 1096 397 1140 esse
420 1076 642 1162 comperimus.
677 1073 781 1152 Quid?
816 1073 927 1143 Nonne
950 1077 990 1140 ad
1010 1075 1195 1144 Graecinum
1214 1097 1338 1161 quoqne

170 1187 209 1252 ab
231 1186 346 1252 Ovidio
371 1185 524 1271 epistolae
548 1186 616 1252 dari
639 1192 789 1272 poterant
812 1207 847 1252 eo
871 1187 977 1269 modo,
1001 1185 1194 1272 ut'primum
1211 1189 1340 1264 Romam
1381 1220 1384 1228 ·

172 1300 301 1381 missae,
326 1299 420 1364 amici
443 1297 576 1384 alicuius
601 1318 675 1364 cura
698 1300 730 1362 in
764 1298 959 1386 provinciam
994 1301 1217 1384 pervenirent?
1236 1383 1238 1394 Ι
1261 1299 1339 1364 Nam

170 1410 307 1478 dubitari
332 1416 533 1494 nonpotest,
570 1410 645 1494 quin
682 1411 816 1492 Augusti
846 1415 949 1476 aetate
980 1411 1073 1476 etiam
1098 1410 1194 1477 multo
1217 1410 1339 1476 facilior

170 1523 312 1617 redditus
336 1522 378 1586 sit
400 1528 593 1586 commeatus
616 1522 698 1586 inter
721 1521 829 1588 urbem
850 1529 881 1586 et
895 1523 1089 1606 provincias,
1113 1542 1205 1605 quam
1223 1521 1339 1588 liberae

170 1635 216 1698 rei
242 1632 385 1718 publicae
408 1632 644 1722 temporibns1).
691 1631 753 1697 Sed
778 1632 816 1698 de
839 1633 898 1697 hae
920 1653 954 1698 ra
977 1633 1139 1698 iudicandi
1161 1633 1339 1706 facultatem
1378 1634 1380 1644 '

171 1747 264 1810 etiarn
300 1745 370 1829 ipse
405 1743 536 1809 Ovidius
571 1743 663 1810 nobis
685 1743 824 1829 praebet
914 1819 917 1826 ⁴

162 1931 167 1938 ¹
257 1855 396 1920 Primum
421 1856 504 1920 enim
529 1853 662 1940 epistola
678 1852 714 1937 ΙΙ,
729 1839 766 1936 1,
784 1855 823 1920 nd
840 1854 1061 1939 Germanicum
1078 1856 1177 1920 missa
1200 1862 1248 1920 est
1269 1860 1342 1940 post
1417 1864 1437 1922 “.

172 1967 355 2044 11111113,
391 1986 459 2030 1111
493 1968 519 2030 is
544 1966 615 2030 -iarn
650 1965 684 2030 in
707 1965 878 2030 Germania
911 1967 1064 2031 exercitui
1087 1974 1264 2051 praeesset,
1300 1965 1339 2032 ad

171 2098 262 2161 quem
298 2056 370 2162 post
404 2073 601 2142 consulatum
635 2078 781 2140 111112
815 2076 1068 2142 administratum
1102 2079 1260 2162 profectus
1294 2086 1342 2164 est
1432 2104 1437 2114 ·

171 2189 367 2271 (Τ11.Α11.
393 2188 459 2270 l,.3,
485 2187 561 2276 Vell.
585 2186 623 2269 ΙΙ,
639 2188 710 2269 123,
734 2189 821 2253 Suet.
847 2186 912 2253 Gal.
938 2189 979 2270 1).

173 2379 179 2385 ¹
257 2299 336 2364 Tum
362 2298 588 2382 Messallinum‚
627 2318 719 2384 quem
755 2317 824 2366 oum
860 2298 987 2364 Tiberio
1021 2318 1123 2382 usqua
1155 2298 1195 2364 ad
1223 2319 1339 2365 annum

173 2412 267 2485 letata
286 2413 316 2476 in
329 2409 494 2476 Pannonia
506 2410 709 2479 dimicarisse
725 2409 842 2478 scimus
856 2409 979 2494 (Vellej.
996 2409 1034 2492 ΙΙ,
1048 2411 1121 2492 112,
1144 2409 1204 2488 Dio
1221 2411 1274 2491 55,
1286 2411 1340 2494 30)

172 2542 242 2586 enm
265 2522 375 2588 eodem
399 2530 472 2606 post
495 2521 614 2592 cladem
641 2521 806 2588 Varianam
829 2521 868 2586 ad
885 2520 1026 2588 Rhenum
1043 2522 1218 2607 proiectum
1235 2522 1342 2606 ibique

172 2625 273 2718 nsque
296 2632 336 2706 ad
360 2653 475 2698 annum
501 2636 540 2698 12
564 2640 719 2698 moratum
741 2615 823 2715 esse,
848 2653 1035 2718 quamquam
1053 2653 1070 2698 a
1086 2632 1259 2715 Suetonii2)
1276 2650 1342 2700 ver·

174 2745 221 2808 bis
235 2765 298 2810 rron
309 2744 489 2809 necessario
501 2745 717 2826 consequitur,
740 2750 844 2807 tamen
862 2743 1125 2812 verisimillimum
1140 2748 1197 2810 est.
1222 2741 1338 2820 Quam-

102 2837 105 2843 *
176 2857 282 2920 obrem
308 2855 360 2920 lrie
382 2875 505 2940 quoque
529 2853 693 2939 epistolam
717 2852 742 2935 Ι,
757 2857 786 2934 7,
811 2873 904 2936 quam
931 2859 1004 2932 ante
1030 2850 1183 2945 triumphi
1210 2853 1337 2938 quidem

164 2961 335 3032 'Tiberiani
359 2968 502 3032 nuntium
528 2965 644 3038 Tomos
667 2965 821 3050 perlatum
845 2965 997 3050 scriptum
1022 2984 1091 3030 esse
1111 2965 1188 3030 satis
1205 2956 1338 3049 constat,

171 3080 203 3142 in
227 3079 392 3162 provincia
414 3079 540 3144 videtur
562 3077 732 3162 aocepisse.
769 3101 770 3104 ¹
901 3083 903 3086 ’

261 3189 344 3254 ldem
368 3190 462 3254 etiarn
487 3190 603 3254 certius
627 3189 828 3270 cognosoitur
849 3189 880 3253 in
905 3187 1038 3274 epistola
1061 3186 1112 3269 IV,
1126 3189 1157 3272 8,
1181 3209 1243 3272 qua
1266 3187 1340 3254 Ovi·

173 3299 244 3386 dius
259 3300 371 3366 Suillio
388 3301 426 3365 de
443 3301 578 3385 epistola
593 3299 631 3364 ab
649 3319 685 3364 eo
698 3306 826 3384 accepto
838 3301 956 3380 gratias
968 3300 1035 3381 agit
1047 3298 1260 3382 auxiliumque
1272 3300 1341 3364 eius

172 3411 329 3496 implorat
374 3411 451 3476 Nam
476 3411 599 3478 idoneis
621 3412 816 3493 argumentis
840 3416 872 3476 et
888 3410 1005 3484 Ouidii,
1018 3415 1050 3476 et
1065 3409 1157 3477 Suilli
1172 3410 1340 3496 epistolam

175 3523 215 3588 ad
240 3523 270 3586 id
294 3530 419 3607 tempus
436 3523 556 3604 referri,
578 3543 642 3606 quo
659 3521 790 3598 Suillius
806 3523 839 3588 in
855 3520 1023 3588 Germania
1039 3521 1198 3606 stipendia
1212 3523 1340 3605 faceret,

173 3641 285 3718 postea
307 3635 347 3717 in
363 3633 435 3698 libri
459 3635 562 3717 quarti
585 3633 780 3720 temporibus
804 3632 995 3714 indagandis
1017 3637 1199 3717 exponetur.

258 3744 321 3809 lam
347 3745 504 3827 videmus,
527 3745 673 3826 ¹vestigia
706 3745 858 3836 quaedam
893 3744 979 3810 haud
1007 3743 1141 3808 obseura
1159 3750 1339 3826 erraturae

241 4035 264 4100 ¹)
283 4036 329 4091 olr.
351 4034 542 4090 Friedlbnder:
562 4033 808 4103 Sittengesohiohte
826 4033 877 4088 Bd.
895 4033 934 4102 ΙΙ,
952 4051 979 4105 p.
1000 4038 1011 4090 l
1032 4051 1090 4106 sqq.

241 4127 264 4196 ²)
284 4130 357 4186 Suet.
375 4129 434 4184 Tib.
454 4145 513 4198 cop.
535 4129 582 4182 17:
609 4127 800 4182 acarnania
825 4130 853 4182 in
879 4128 973 4183 urbem
999 4143 1136 4196 reverens,
1162 4115 1340 4198 triumphurn,

176 4239 259 4294 quern
270 4213 423 4290 distulerat,
435 4224 500 4291 egit,
512 4223 737 4293 prosequentibus
751 4224 832 4277 etiarn
844 4221 954 4292 legatia,
964 4225 1061 4294 qnibnr
1071 4222 1245 4292 triumphalia
1254 4233 1338 4276 'orna-

174 4322 267 4372 menta
285 4319 454 4388 impetrarat.
490 4316 530 4374 Gi.
550 4317 636 4378 Ouid.⁴
647 4334 679 4372 11
696 4318 725 4372 P.
742 4317 782 4386 Π,
792 4320 819 4386 2,
826 4318 859 4373 83
872 4335 912 4388 aq.
996 4329 999 4336 ’
