3184 5008
724 379 911 441 ,4-

582 573 612 631 et
635 565 727 631 Trist.
750 565 813 644 lu,
839 566 888 644 10,
913 565 954 630 05
978 584 1061 647 sqq:

356 678 525 762 *Postque
548 698 635 744 meos
659 683 745 742 ortus
768 675 881 741 Pisaea
902 677 1024 740 vinctus
1048 675 1131 739 oliva

391 801 393 806 ’
438 787 619 854 Abstulerat
641 788 745 852 decies
769 788 909 871 praemia
932 787 1029 850 vietor
1051 806 1161 869 equus,

391 901 468 965 Cum
493 899 587 964 maris
609 897 724 963 Euxini
748 898 869 982 positos
893 897 931 962 ad
954 897 1042 962 laeva
1065 897 1205 962 Tomitas

439 1009 595 1088 Quaerere
618 1030 667 1074 ure
689 1009 766 1074 laesi
789 1009 943 1093 principis
966 1007 1013 1072 ira
1035 1009 1129 1074 iubet.

322 1121 399 1198 Cum
413 1126 515 1188 autem
534 1119 680 1186 Ovidium
699 1141 780 1185 anno
800 1122 856 1186 711
871 1121 934 1193 143
947 1139 965 1184 a
976 1119 1048 1185 Chr.
1062 1126 1168 1184 natum
1182 1139 1251 1184 esse
1264 1125 1395 1198 constet,

238 1253 298 1316 qua
321 1233 403 1297 vitae
426 1238 527 1298 aetate
550 1231 704 1312 relegatus
728 1232 779 1311 sit,
803 1251 840 1296 ex
856 1230 1217 1310 hislooiseognoscitur.
1253 1229 1314 1294 Sed
1334 1250 1396 1294 non

237 1350 341 1409 certus
364 1363 475 1424 annus,
500 1343 555 1406 sed
580 1343 679 1408 maius
702 1343 853 1425 temporis
876 1342 1013 1426 spatium
1035 1346 1167 1424 utroque
1189 1339 1289 1424 loeol)
1313 1341 1396 1405 indi-

240 1463 338 1534 catur,
362 1454 560 1519 undecimum
585 1454 666 1517 vitae
687 1452 831 1534 lustrum,
855 1452 938 1536 quod
961 1451 1098 1536 pertinet
1119 1451 1157 1516 ab
1181 1471 1261 1516 anuo
1287 1453 1341 1517 tol
1356 1453 1397 1525 l8

237 1585 338 1648 usque
371 1565 410 1630 ad
445 1585 559 1628 annum
596 1565 742 1644 766l13.
798 1565 986 1634 deauratum
1009 1563 1107 1644 igitur
1128 1561 1289 1643 indicium,
1315 1563 1398 1646 quod
1463 1591 1466 1596 ·

238 1674 464 1756 desideramus,
487 1694 548 1739 non
564 1675 740 1759 praebetur.
1423 1665 1425 1672 ’

324 1837 387 1903 Sed
405 1838 487 1921 quod
507 1839 564 1902 hoo
582 1838 675 1902 modo
695 1837 881 1921 relinquitur
897 1837 1048 1921 temporis
1062 1838 1211 1921 spatium,
1229 1837 1397 1902 artissimis

239 1948 355 2014 finibus
379 1948 593 2014 circumscribi
629 1948 750 2013 videtur
773 1944 820 2029 ed,
856 1946 939 2030 quod
973 1955 1044 2032 post
1067 1946 1106 2012 M.
1131 1947 1246 2012 Valerii
1270 1949 1398 2014 Corvini

238 2059 402 2126 Messallae
426 2061 558 2125 oratoris
581 2059 774 2124 celeberrimi
803 2065 933 2123 mortem
958 2065 1082 2143 poetam
1107 2079 1123 2123 e
1147 2061 1248 2143 patria
1271 2060 1398 2144 pulsum

239 2192 308 2236 esse
331 2170 422 2236 facile
445 2171 655 2252 cognoscitur.
700 2169 801 2252 Quod,
837 2177 965 2254 excepto
996 2168 1152 2248 Clintono‚
1189 2190 1296 2235 omnes
1320 2172 1397 2235 satis

238 2283 299 2347 iam
325 2281 501 2347 confirmari
525 2281 585 2346 sibi
610 2289 834 2366 persuaserunt
867 2280 942 2346 solis
966 2280 1120 2361 versibus,
1156 2281 1207 2362 qui
1231 2281 1269 2344 de
1293 2301 1329 2344 eo
1353 2279 1398 2344 le·

241 2400 356 2475 guntur
378 2393 410 2456 in
434 2392 575 2476 epistola.
614 2413 651 2456 ex
672 2387 706 2456 P.
731 2389 764 2473 l,
790 2393 808 2454 7
831 2391 870 2455 ad
894 2391 1105 2456 Messallinum
1129 2389 1224 2455 lilium
1250 2391 1397 2454 malorem

237 2510 314 2569 natu
337 2504 410 2569 data
431 2524 459 2568 v.
485 2505 524 2567 27
548 2523 621 2586 sqq:

390 2615 454 2679 Neo
475 2622 546 2678 tuus
569 2620 617 2679 est
639 2614 762 2694 genitor
784 2632 841 2677 nos
865 2611 1021 2677 inficiatus
1043 2612 1171 2695 amieos,

440 2723 590 2789 Hortatur
612 2724 707 2788 studii
731 2743 886 2806 causaque
914 2725 968 2787 fax
992 2743 1052 2808 que
1076 2724 1151 2789 mel:

393 2835 451 2900 Cui
474 2855 532 2900 nos
555 2842 586 2899 et
607 2834 762 2917 lacrimas,
787 2855 967 2918 supremum
993 2836 1024 2898 iu
1047 2837 1155 2900 funere
1179 2856 1303 2916 munus,

441 2945 482 3010 Et
503 2945 647 3011 dedimus
671 2945 773 3010 medio
804 2947 922 3030 scripta
945 2944 1087 3011 canenda
1108 2946 1186 3010 foro.
1314 3024 1316 3028 Ι

325 3057 371 3120 Ac
399 3076 431 3121 re
455 3077 527 3121 vera
547 3057 691 3120 videntur
713 3076 783 3122 esse
802 3057 869 3122 eius
888 3056 992 3138 verba,
1011 3057 1064 3139 qui
1075 3057 1145 3141 ipse
1159 3057 1286 3121 Corvini
1297 3057 1399 3121 funeri

241 3167 425 3232 interfuerit.
471 3167 547 3232 Nam
572 3166 655 3250 quod
678 3166 841 3232 Clintonns
865 3167 961 3252 (Fast.
982 3165 1060 3233 Hell.
1080 3187 1109 3251 p.
1123 3167 1198 3248 273)
1223 3171 1397 3252 proposuit,

240 3298 365 3342 carmen
388 3277 529 3358 funebre,
564 3278 646 3361 quod
676 3287 945 3358 commemoratur,
980 3277 1109 3342 fautoris
1134 3285 1232 3343 morte
1256 3281 1398 3344 nuntiata

240 3390 278 3453 ab
303 3387 415 3454 Ovidio
439 3387 546 3453 Tomis
572 3388 697 3453 Romam
732 3389 862 3454 missum
887 3409 966 3469 esse,
1001 3409 1037 3452 eo
1061 3389 1235 3454 rectissime
1259 3389 1396 3474 Nipper-

239 3500 328 3564 deius
352 3497 445 3583 (Mus.
471 3498 565 3564 Rhen.
593 3500 630 3563 lo
653 3519 683 3584 p.
708 3501 784 3581 283)
807 3500 926 3580 reiecit,
962 3499 1046 3582 quod
1069 3501 1154 3565 intra
1179 3521 1294 3585 paucos
1317 3499 1396 3581 dies,

241 3611 293 3693 qui
317 3611 399 3675 inter
422 3617 551 3676 mortem
586 3619 616 3675 et
647 3611 740 3675 lunus
773 3610 966 3674 intercedere
990 3609 1136 3691 solerent,
1161 3631 1263 3694 neque
1287 3615 1394 3695 posset

239 3741 324 3784 mors
348 3718 462 3784 Tomos
486 3721 633 3802 nuntiari,
658 3740 759 3804 neque
782 3741 906 3785 carmen
930 3723 1075 3805 componi
1096 3721 1286 3803 Romamque
1304 3721 1393 3786 mitti.

239 3830 321 3912 Ergo
345 3831 407 3894 iam
431 3832 599 3898 conlectam
625 3833 838 3914 quaestionem
862 3831 1095 3896 existimamus?
1131 3831 1238 3904 lmmo,
1263 3836 1396 3914 possunt

309 4021 330 4088 ¹)
349 4019 535 4089 Olympiadem
563 4020 693 4074 Graecam
719 4021 752 4072 ab
781 4019 877 4074 Ovidio
907 4035 960 4072 non
989 4020 1103 4074 discerni
1128 4019 1248 4072 alustro
1268 4018 1398 4082 Romano,
1467 4011 1469 4016 ’

240 4132 300 4170 eum
319 4130 350 4167 ex
367 4111 409 4166 his
429 4115 533 4168 duobus
552 4115 629 4181 locis,
657 4114 753 4184 quibus
771 4114 842 4167 idem
868 4115 996 4183 temporis
1027 4113 1144 4183 spatium
1172 4111 1315 4179 signifieat,
1341 4115 1398 4164 tum

239 4210 303 4265 inae
334 4213 455 4281 apparet,
483 4209 554 4278 quoa
581 4215 622 4262 ex·
637 4209 666 4264 Ρ.
685 4208 742 4274 ru,
772 4193 839 4272 ae
867 4207 1053 4277 olympiadem
1076 4207 1303 4276 „quinquennem
1324 4205 1398 4261 dreit.

239 4305 341 4359 Eadem
359 4306 493 4359 sententia
511 4302 673 4370 deprehendi
692 4301 797 4354 videtur
815 4301 1071 4370 Metamorphoseon
1090 4299 1149 4352 loco
1169 4299 1285 4369 quodam
1303 4299 1400 4368 (XIV.,

239 4399 311 4467 325),
330 4399 376 4452 ubi
398 4394 591 4468 „quinquennis
610 4395 687 4448 Elide
707 4440 714 4451 .
733 4438 739 4450 .
757 4395 863 4464 pugna“
884 4398 1116 4448 commemoretur.
