3178 5018
646 349 857 414 ..531-

253 532 312 611 Qui
346 540 450 610 antem
480 535 583 619 potuit
602 535 733 600 omnino
756 541 851 620 poeta
873 537 1013 622 apertius
1033 537 1232 618 signifioare,
1266 543 1335 606 tum

166 645 293 728 quidem
331 644 455 728 longius
490 647 642 732 temporis
677 648 813 731 spatium
854 647 994 720 ¹nondum
1018 649 1239 737 praeteriisse?
1285 651 1334 725 An

166 757 273 841 potuit
294 745 468 840 posteriore
493 757 577 822 exilii
606 761 749 843 temppre
772 759 890 828 mentia
914 779 989 824 suae
1012 760 1240 840 aegritudinem
1263 781 1333 826 eum

168 867 273 935 erudis
307 867 491 936 vulneribus
524 847 729 954 comparare?¹
769 868 868 938 Immo
902 869 995 954 plane
1028 869 1119 938 aliter
1152 873 1214 936 iam
1242 873 1333 950 tertio

166 977 250 1042 exilii
275 999 357 1044 anno
381 979 675 1056 eademwvuluerum
699 981 837 1061 imagine
859 982 957 1048 utitur
979 981 1073 1049 Trist.
1089 982 1128 1062 v,
1146 987 1176 1064 2,
1195 984 1212 1048 i
1229 1003 1311 1066 sqq:

320 1091 408 1156 ileos
427 1096 540 1154 -tamen
561 1111 658 1170 ¹aegra
680 1093 776 1170 iacet,
804 1113 862 1158 neo
884 1097 1026 1173 tempore
1048 1096 1163 1158 robora
1185 1096 1324 1176 sumpsit

369 1203 575 1281 dilectusque
597 1204 707 1280 animi,
731 1205 787 1283 qui
808 1206 870 1268 fuit
893 1209 976 1284 eunte,
997 1210 1129 1270 inerret:
1233 1237 1241 1253 s

319 1313 467 1391 Quaeque
490 1333 578 1376 mora
602 1315 768 1394 spatioque
791 1333 849 1381 sure
872 1317 995 1381 unitura
1018 1317 1138 1396 putavi,

372 1423 517 1501 l'rrlnera,
542 1441 603 1488 non
627 1427 729 1504 aliter,
748 1445 848 1506 ¹quarm
872 1427 965 1490 urodo
987 1427 1072 1496 faeta
1093 1417 1212 1502 delorem.

251 1533 333 1614 Ergo
357 1535 418 1600 iam
442 1541 508 1605 tum
533 1555 620 1619 spem
645 1535 851 1620 deposuerat,
873 1536 955 1618 iore,
979 1537 1158 1608 utdolores
1182 1539 1229 1602 sui
1250 1546 1331 1606 ,tem-

165 1667 241 1731 pore
265 1645 451 1710 levarentur.
499 1646 698 1722 Quinetiam
723 1648 784 1712 iam
808 1648 913 1732 prius,
943 1667 1012 1718 mum
1037 1649 1185 1715 uenderet
1206 1669 1332 1725 oarmeu

163 1757 257 1822 Trist.
277 1753 327 1838 lv,
344 1758 374 1836 6,
399 1757 482 1839 quod
507 1765 655 1833 autumno
679 1759 753 1822 anni
778 1759 897 1835 tillet
919 1759 1136 1842 attribuimus,
1161 1781 1223 1826 non
1247 1761 1331 1846 apud

164 1889 198 1936 se
233 1867 335 1934 valere
366 1875 503 1952 tempus,
538 1888 703 1946 commune
725 1868 801 1938 illud
826 1870 1012 1948 miserorum
1036 1870 1186 1936 solaoium
1211 1891 1327 1953 eogno-

164 1985 253 2043 verat
276 2000 303 2044 v.
323 1979 361 2042 17
378 1999 461 2062 sqq:
927 1981 930 1990 ’
999 2051 1000 2054 ,

210 2093 213 2098 “
318 2077 438 2154 (tinore
460 2095 566 2170 potest
588 2093 687 2169 igitur
709 2093 807 2156 tacito
830 2094 908 2172 pede
929 2094 1022 2172 lapsa
1042 2098 1196 2172 uetustas,

370 2201 593 2280 Praeterquam
618 2222 710 2266 ouras
734 2207 899 2266 attenuare
922 2223 1018 2269 meas.

320 2313 361 2376 l't
383 2314 487 2391 patria
510 2331 610 2391 oareo,
634 2314 684 2376 bis
706 2315 853 2392 frugibus
876 2333 949 2378 area
971 2316 1048 2378 trita
1070 2319 1128 2391 est,
1144 2385 1163 2399 ³,

369 2423 518 2500 Dissiluit
539 2425 625 2490 nudo
648 2443 757 2504 pressa
778 2425 830 2492 bis
853 2443 916 2488 uva
937 2427 1025 2506 pede.

319 2534 381 2597 b'or
405 2535 550 2613 ‹quartesita
572 2541 679 2598 taurren
703 2536 807 2615 spatio
830 2529 994 2616 patientia
1008 2537 1101 2615 longo
1125 2541 1183 2615 est,

369 2645 520 2724 linumque
542 2646 619 2708 moli
643 2663 772 2708 sensum
796 2651 906 2710 rrostra
928 2649 1063 2710 rorentis
1086 2649 1191 2712 habet.

251 2753 368 2818 Eadem
403 2764 505 2834 aulem
541 2758 699 2823 sententia
732 2775 790 2839 per
824 2741 920 2830 totam
957 2759 1021 2822 tere
1046 2757 1211 2841 epistolam
1236 2759 1330 2825 variis

164 2864 266 2928 modis
295 2863 429 2930 effertur.
475 2863 573 2942 Quam
597 2867 626 2928 si
649 2885 869 2949 comparamus
894 2859 962 2931 oum
987 2867 1058 2948 illa,
1087 2888 1181 2951 quam
1204 2888 1242 2932 ex
1264 2869 1331 2952 epi·

163 2975 243 3040 stola
278 2975 386 3040 Rufino
421 2976 519 3041 missa
552 2975 729 3057 attulimus,
771 2997 807 3041 eo
836 2977 1034 3058 deducimur,
1066 2988 1104 3043 ut
1125 2983 1331 3062 compositam

163 3087 243 3152 bano
269 3107 338 3161 esse
361 3092 547 3166 statuamus,
571 3091 740 3170 amtequam
764 3093 1018 3174 poetamentem
1038 3089 1075 3153 in
1092 3088 1242 3155 Tristium
1260 3089 1322 3156 illis

164 3196 286 3260 duobus
310 3198 502 3276 carminibus
527 3197 717 3282 descriptam
741 3199 928 3283 oonoiperat.
1175 3290 1176 3293 Ἴ

248 3307 331 3380 idem
356 3307 694 3389 aliaratioeinatione,
723 3311 867 3392 quamuis
890 3331 953 3375 non
976 3329 1075 3394 aeque
1098 3310 1218 3390 valida,
1242 3331 1329 3376 asse·

168 3418 293 3501 quimur
316 3419 349 3483 in
373 3420 477 3503 priore
501 3419 636 3504 epistola
651 3418 820 3485 Messalino
843 3421 952 3502 missa,
976 3441 1038 3504 qua
1059 3427 1155 3506 poeta
1176 3422 1327 3488 auxilium

165 3530 355 3600 nobilissimi
389 3529 447 3594 viri
483 3531 610 3597 omnino
635 3530 773 3596 nondum
796 3530 954 3616 imploret,
979 3531 1033 3596 sad
1051 3532 1084 3600 id
1100 3537 1225 3598 tentum
1250 3534 1325 3614 agit,

165 3649 200 3704 ut
232 3647 442 3726 percontetur,
478 3661 558 3724 quae
593 3643 634 3706 sit
655 3642 740 3714 illius
761 3663 837 3726 erga
859 3663 893 3708 sa
916 3642 1071 3715 voluntas.
1117 3643 1326 3722 Quamobrem

160 3758 245 3816 reete
262 3751 428 3818 Sohulzius
453 3755 494 3838 (p.
514 3753 567 3835 25)
592 3752 672 3818 hane
694 3753 827 3838 primam
844 3775 914 3822 essa
931 3755 1092 3836 iudicavit,
1117 3777 1178 3840 qua
1195 3754 1327 3829 Ovidius

161 3862 378 3931 Messallinum
401 3865 522 3932 adierit.
569 3846 675 3947 Neque
698 3865 808 3932 dubito
832 3847 1032 3947 eontendere,
1057 3868 1150 3934 etiam
1172 3867 1326 3954 epistolas

162 3975 301 4059 pedestri
316 3995 460 4040 sermone
474 3975 669 4059 conscriptas
681 3995 853 4059 numquam
866 3981 960 4044 antea
973 3977 1073 4052 eidem
1086 3979 1201 4049 missas
1215 3999 1283 4044 esse
1292 3982 1324 4062 1).

160 4141 363 4150 —a———n-0-

238 4241 261 4310 ¹)
280 4242 374 4312 Neque
387 4247 479 4296 tamen
491 4241 553 4296 ideo
571 4239 676 4296 nullum
688 4240 716 4294 iu
730 4241 860 4296 Tristium
874 4239 950 4295 libris
963 4257 1070 4296 carmen
1083 4240 1118 4296 ad
1131 4258 1191 4296 eum
1204 4247 1326 4313 spectare

162 4338 314 4390 statuamus
334 4351 442 4390 neeesse
460 4338 503 4390 eat
519 4335 553 4391 oi.
572 4350 654 4404 inpra

1125 4439 1140 4490 6
