3178 5018
744 165 754 202 Ι

733 371 938 433 „72-

335 557 441 639 Atque
475 556 534 620 hoc
569 557 694 640 quidem
729 549 797 621 loco
832 558 935 638 agitur·
959 557 997 620 de
1016 556 1133 622 ¹litteris
1157 529 1416 641 prosa-oratione

251 667 450 751 conscriptis,
490 687 580 751 quae,
619 687 674 732 cur
708 665 793 731 solae
827 669 865 732 ed
900 668 1051 750 Severum
1081 674 1204 752 poetam
1229 666 1319 731 datae
1343 667 1415 745 sinc,

156 795 159 810 ¹
252 776 387 861 amplius
411 779 579 862 exponitur
602 781 642 860 (v.
670 780 687 841 Ἰ
711 780 803 863 sqq).
860 779 1111 844 Consentaneum
1137 784 1238 842 autem
1264 784 1321 850 est,
1345 797 1415 842 eum

253 895 372 952 ceteros
396 909 520 972 quoque
544 890 675 970 amicos,
709 891 893 974 praesertim
919 911 983 967 eos,
1009 892 1060 973 qui
1085 889 1212 973 publica
1235 889 1417 952 auctoritate

251 998 408 1078 florerent,
434 1001 541 1065 eodem
567 1001 660 1064 modo
684 1000 813 1080 adiisse,
838 1021 899 1084 quo
923 1007 1033 1085 posset
1053 1001 1147 1064 multo
1171 999 1328 1064 efficacius
1351 1019 1416 1064 rem

253 1130 340 1174 suem
365 1129 468 1192 agere,
505 1132 596 1195 quam
631 1112 752 1176 timidis
784 1112 846 1176 illis
875 1113 1022 1196 precibus
1052 1112 1201 1176 Tristium
1226 1110 1417 1176 carminibus

256 1220 382 1285 insertis
406 1223 474 1302 (cir.
490 1223 584 1289 Trist.
602 1222 653 1303 IV,
667 1223 697 1302 4,
710 1223 751 1286 41
765 1243 831 1306 sqq.
855 1223 907 1303 IV,
921 1225 951 1305 8,
965 1224 1003 1287 51
1019 1225 1090 1306 sq).
1136 1227 1177 1286 At
1200 1224 1338 1288 carmina
1360 1223 1416 1286 ad-

253 1332 328 1396 ditis
352 1333 522 1397 amicorum
546 1333 728 1398 nominibus
752 1341 815 1398 tum
845 1335 882 1397 ab
912 1356 949 1397 eo
974 1335 1071 1398 missa
1094 1355 1174 1412 esse,
1198 1334 1330 1396 fortasse
1353 1333 1423 1396 for-'

251 1443 325 1507 titer
347 1443 461 1527 aliquis
484 1445 648 1526 negaverit
672 1465 708 1508 ee
742 1445 809 1508 sola
843 1445 880 1510 de
909 1465 1013 1524 eausa,
1039 1445 1121 1528 quod
1146 1444 1259 1508 edendi
1282 1442 1413 1508 facultas

239 1547 317 1618 ¹non
335 1557 406 1618 data
422 1561 515 1622 esset.
555 1556 617 1620 Sed
635 1557 731 1620 solam
750 1557 879 1637 gloriam
898 1557 935 1620 ab
951 1555 1062 1620 Ovidio
1080 1555 1271 1619 carminibus
1288 1555 1417 1638 petit-am

257 1686 326 1730 esse
364 1686 427 1746 non
466 1673 549 1730 recte
584 1668 740 1732 statuitur.
787 1667 910 1730 Etenim
936 1682 1043 1731 omnes
1066 1667 1131 1730 iere
1156 1667 1259 1742 amici,
1284 1685 1416 1749 quorum

253 1779 381 1855 nomina
415 1779 446 1841 in
482 1755 623 1862 epistolis
648 1779 786 1844 Ponticis
811 1779 1085 1862 deprehendimus,
1110 1779 1138 1841 ei
1172 1785 1253 1856 sunt,
1289 1776 1419 1859 quieut

252 1889 370 1969 ingenii
385 1889 533 1954 Ouidiani
557 1891 671 1954 summi
694 1890 846 1968 fautores,
868 1894 922 1952 eut
946 1890 1038 1952 etiam
1063 1888 1158 1951 studii
1183 1889 1296 1972 poetici
1322 1887 1418 1970 parti·

184 1977 186 1994 ’
254 2001 341 2084 cipes
366 2021 435 2065 sese
458 2003 690 2086 praestiterant.
736 2001 826 2077 Quod
861 2001 969 2084 paucis
1000 1998 1141 2063 versibus
1168 2000 1206 2062 de
1230 2019 1418 2081 unoquoque

153 2115 159 2124 '
193 2117 195 2126 ’
251 2111 420 2195 adscriptis
444 2112 620 2196 apparebit.
680 2112 765 2176 Dicit
798 2113 879 2175 enim
909 2117 1001 2195 poete
1030 2110 1069 2174 ad
1094 2109 1223 2193 Fabium
1249 2108 1416 2172 Maximum

147 2277 150 2283 .
252 2245 288 2287 ex
312 2222 343 2287 P.
370 2223 393 2291 Ι,
420 2228 450 2300 2,
477 2225 537 2287 135
561 2244 643 2307 sqq:

403 2337 500 2398 Puiue
525 2342 611 2412 (sot.:
635 2337 710 2414 mei)
735 2339 765 2397 te
789 2337 920 2397 solitum
944 2335 1074 2397 memini
1096 2335 1227 2396 laudare
1249 2333 1385 2408 libellos,

455 2448 612 2526 Exceptis,
636 2447 763 2510 domino
788 2448 841 2526 qui
865 2464 999 2509 nocuere
1022 2463 1094 2508 suo:

409 2559 466 2621 Cui
489 2564 545 2621 tua
568 2538 796 2637 nonnunquam
818 2559 949 2620 miranti
973 2559 1092 2637 scripta
1113 2558 1240 2634 legebas
1264 2593 1304 2600 -—

550 2671 587 2732 ad
614 2670 833 2732 iiessaliinum
859 2669 896 2746 ΙΙ,
920 2672 948 2748 ’1,
975 2671 1033 2731 105
1058 2687 1119 2747 sq.:

365 2762 371 2772 ¹
407 2783 525 2874 ingenii
549 2787 640 2857 certe,
665 2800 727 2860 quo
750 2800 808 2844 nos
830 2782 913 2843 male
937 2781 1095 2843 sensimus
1118 2797 1204 2843 usos.

452 2894 585 2956 Artibus
609 2894 761 2973 exceptis,
786 2912 879 2971 saepe
901 2893 1051 2972 probator
1074 2909 1152 2953 eres.

584 3006 624 3068 ad
648 3005 801 3067 Seianum
825 3004 863 3081 ΙΙ,
888 3005 916 3080 ἵ),
941 3004 980 3064 113
1004 3021 1066 3080 sq.:

403 3117 451 3180 Tu
475 3135 600 3196 qnoque
623 3115 785 3178 Pieridum
808 3115 925 3191 studio,
949 3114 1101 3181 studiose,
1125 3112 1252 3189 teneris,

453 3227 644 3306 ingenioque
666 3228 762 3302 fares,
786 3224 957 3304 ingeniose,
981 3241 1059 3286 meo.

597 3339 635 3400 ad
660 3337 783 3399 Cottam
808 3337 863 3414 ΙΙΙ,
889 3339 916 3414 5,
941 3337 979 3398 31
1005 3353 1067 3414 sq.:

403 3450 460 3512 uio
482 3454 599 3525 temen,
624 3467 640 3510 o
661 3431 788 3511 iuvenis
812 3448 990 3510 studiorum
1018 3446 1109 3525 plene
1132 3463 1284 3524 meorum,

251 3581 314 3643 eq
341 3583 377 3638 s,
403 3560 517 3642 quibus
541 3558 758 3640 adiungendus
784 3567 831 3622 est
853 3577 962 3620 versus
980 3554 1263 3639 epistolarum,
1282 3556 1334 3635 42,
1352 3575 1412 3637 quo

252 3672 336 3735 idem
361 3670 489 3734 dicitur:
1095 3682 1099 3688 ’

403 3782 566 3846 Pieridum
587 3784 697 3846 lumen
719 3781 977 3862 praesidiumque
999 3779 1069 3842 fori.

138 3958 142 3965 ,
176 3889 178 3892 ’
266 3917 268 3922 ·
338 3893 446 3976 Neque
469 3893 574 3958 minus
598 3897 707 3977 aperte
735 3898 838 3976 poeta,
870 3891 983 3973 quibus
1011 3889 1142 3954 vinculis
1167 3909 1235 3954 cum
1261 3889 1365 3953 Macro
1389 3895 1418 3953 et

252 4005 356 4069 Attico
381 4005 569 4070 coniunctus
593 4005 697 4079 inerit,
721 4002 887 4088 profitetur
910 4001 948 4067 de
971 4003 1068 4082 altero
1092 4000 1128 4080 ΙΙ,
1156 4003 1205 4081 10,
1231 4004 1269 4064 11
1294 4021 1375 4084 sqq:

406 4169 412 4182 .
438 4168 444 4182 .
470 4168 476 4180 .
500 4118 627 4195 studiis,
651 4117 768 4196 quibus
791 4135 835 4196 es,
860 4135 956 4197 quam
978 4133 1046 4194 nos,
1070 4113 1244 4194 sapientiae
1266 4131 1355 4190 usus,

455 4229 562 4309 thue
584 4229 683 4308 decet,
706 4228 795 4291 nulla
816 4229 920 4292 iactus
944 4245 977 4292 es
1000 4229 1067 4290 arte
1089 4243 1223 4317 nocens,
