3184 5008
629 383 838 444 ..21-

147 585 349 651 permensum
386 585 456 631 esse
489 566 615 651 profert.
641 603 678 614 -
703 564 914 643 Quamobrem
950 566 988 630 de
1015 565 1127 632 itinere
1156 567 1219 632 ullo
1242 567 1314 633 1666

149 675 269 741 diutius
303 679 477 762 interrupto
513 679 641 741 omniuo
676 678 806 758 cogitari
840 658 904 742 non
934 683 1055 762 potest,
1090 671 1152 742 nisi
1187 677 1313 743 aliunde

148 788 303 854 accedant
325 788 464 853 rationes
487 788 695 867 certissimae,
733 789 847 871 quibus
884 807 1008 854 cursum
1035 807 1097 853 non
1120 807 1183 853 uno
1206 797 1313 854 tencre

147 900 321 985 perfectum
346 917 415 964 esse
439 899 668 984 comprobetur.

233 1009 318 1087 Quas
354 1009 513 1092 Loersius,
549 1009 731 1089 Wblifelius,
757 1009 947 1093 Graeberus,
971 1010 1138 1076 Sobulzius
1162 1011 1234 1076 inde
1258 1011 1311 1075 de÷

147 1120 317 1186 sumendas
353 1125 553 1204 putaverunt,
589 1121 671 1204 quud
705 1128 800 1206 poeta
833 1125 866 1186 in
903 1123 973 1206 ipso
1010 1123 1123 1186 itinere
1157 1121 1307 1206 epistolas

147 1232 309 1316 accepisse
327 1231 499 1296 rideretur.
545 1231 608 1296 lam
627 1233 736 1314 igitur,
756 1231 832 1316 quid
849 1232 973 1297 illorum
989 1231 1113 1296 valeant
1128 1239 1313 1313 argumenta

146 1343 376 1427 perquiramus.

232 1456 278 1517 Ac
294 1452 442 1518 Loersius
467 1453 593 1537 quidem
618 1456 663 1539 (p.
680 1455 724 1535 8.)
748 1453 814 1518 6616
837 1455 939 1520 utitur
959 1453 1033 1518 libri
1055 1454 1150 1538 primi
1174 1455 1313 1519 carmine

145 1571 251 1642 sexto,
281 1585 342 1648 quo
370 1563 515 1630 laudatur
542 1565 679 1629 studium
710 1562 748 1630 ab
778 1585 874 1630 uxore
903 1567 934 1630 iu
966 1585 1030 1630 rem
1059 1563 1243 1630 familiarem
1273 1565 1311 1630 ab

146 1675 275 1740 inimico
288 1675 392 1759 aliquo
405 1675 633 1740 defendendam
651 1674 807 1740 collatum.
828 1675 868 1739 Et
880 1695 913 1740 re
926 1696 999 1742 vera
1011 1677 1070 1740 boc
1082 1683 1311 1758 argumentum,

147 1787 229 1870 qnod
254 1786 433 1851 Graeberus
457 1785 582 1870 (pr.)
606 1806 729 1870 quoque
753 1795 783 1851 et
805 1786 972 1852 Schulzius
997 1791 1039 1872 (p.
1060 1789 1105 1872 4.)
1130 1787 1310 1870 attulerunt,

146 1896 277 1962 multam
295 1898 432 1982 speciem
450 1897 551 1963 babet.
591 1896 722 1962 Ovidius
745 1898 841 1978 enim,
866 1905 1031 1982 postquam
1056 1899 1216 1964 inimicum
1241 1919 1311 1964 cum

82 2081 85 2090 ,
146 2009 351 2073 ferocissimis
376 2007 476 2073 beluis
500 2009 705 2092 comparavit,
731 2009 777 2072 sic
799 2009 903 2092 pergit
925 2029 953 2074 v.
978 2011 1025 2074 13·
1041 2029 1108 2093 sqq.

296 2119 351 2183 Sic
373 2138 442 2184 mea
464 2119 672 2202 nescioquis,
698 2118 791 2184 rebus
816 2117 896 2184 mule
918 2118 1000 2185 lidus
1023 2120 1155 2200 acerbis,

344 2229 380 2295 ln
404 2230 486 2295 bona
507 2236 668 2311 venturus,
700 2231 725 2294 si
749 2238 904 2316 paterere,
928 2232 994 2295 fuit

294 2341 386 2406 Hunc
406 2348 461 2407 tua
483 2362 539 2427 per
560 2343 656 2406 fortes
681 2344 779 2408 virtus
803 2344 972 2428 summovit
995 2343 1124 2424 amicos,

347 2473 468 2520 ...6.
493 2473 521 2537 q.
546 2475 571 2518 s.
611 2529 614 2534 ¹
703 2471 704 2476 ’

229 2564 315 2641 Quae
331 2565 481 2630 Loersius
497 2564 707 2646 intellegenda
722 2570 831 2630 censet
847 2565 885 2630 de
900 2565 955 2630 lite
976 2566 1080 2649 aliqua
1092 2565 1175 2652 apud
1187 2565 1309 2632 iudices

143 2676 183 2742 de
206 2683 318 2761 poetae
342 2675 593 2742 11661616616116.Ι
617 2676 724 2759 Neque
752 2675 861 2760 perfici
883 2683 1060 2761 poetasque
1083 2678 1144 2742 iam
1167 2677 1308 2762 profecto
1333 2769 1336 2774 ι
1411 2704 1414 2714 ·

143 2788 283 2853 nuntiari
301 2789 443 2873 potuisse
458 2788 550 2852 talem
573 2808 649 2869 rem,
674 2787 735 2852 nisi
751 2795 825 2873 post
847 2769 1042 2871 aliquantum
1066 2796 1201 2874 tempus,
1225 2797 1309 2854 recte

144 2898 245 2983 ponit.
290 2898 352 2964 Sed
375 2899 523 2984 primum,
547 2899 573 2963 si
598 2900 724 2962 omnino
748 2899 792 2963 ita
814 2911 864 2963 res
888 2919 922 2964 se
946 2899 1065 2982 habuit,
1080 2900 1193 2984 potuit
1215 2920 1310 2964 causa

143 3011 226 3074 intra
241 3011 274 3074 id
286 3016 411 3095 tempus
423 3011 544 3096 peragi,
561 3009 645 3093 quod
661 3009 842 3075 intercessit
856 3010 938 3074 inter
952 3009 1154 3090 relegationis
1171 3010 1308 3076 edietum

143 3121 182 3186 ab
195 3122 384 3205 imperatore
397 3122 516 3187 editum
531 3121 677 3205 diemque
691 3121 812 3205 patriae
824 3119 1048 3204 relinquendae
1060 3122 1308 3205 constitutum.1)

144 3231 223 3297 Tum
242 3231 444 3298 verisimilius
462 3238 520 3314 est,
544 3233 651 3297 uxoris
671 3231 755 3296 illam
779 3230 903 3297 laudem
927 3251 989 3296 nou
1013 3231 1053 3296 ad
1076 3251 1202 3297 causam
1225 3232 1309 3296 iudi-

141 3341 252 3408 cialem
271 3342 441 3424 obtentam,
477 3343 532 3408 sed
567 3343 607 3407 ad
629 3360 750 3427 poenae
774 3342 972 3408 severitatem
997 3342 1193 3407 imminutam
1218 3361 1309 3427 spec·
1418 3417 1421 3430 ,

141 3460 219 3519 tare.
267 3452 397 3518 Videtur
419 3454 566 3518 inimicus
590 3453 658 3536 ille,
688 3455 721 3518 in
745 3474 837 3537 quem
861 3454 988 3538 saepius
1013 3453 1144 3518 Ovidius
1167 3453 1309 3518 invectus

141 3570 205 3647 est,
229 3565 260 3628 id
284 3566 398 3646 egisse,
423 3571 541 3629 utnon
566 3565 665 3630 solum
690 3564 882 3647 relegaretur
904 3569 1009 3650 poeta,
1035 3564 1206 3630 sedetiam
1231 3565 1309 3628 civi-

140 3681 205 3741 tate
234 3682 264 3740 61
291 3696 324 3740 re
351 3675 499 3742 familiari
529 3677 715 3760 privaretur.
765 3675 856 3753 Quod
880 3674 1054 3760 periculum
1070 3693 1148 3740 uxor
1182 3681 1213 3740 et
1240 3676 1337 3740 suis‘

141 3786 301 3875 precibus,
326 3794 357 3852 et
377 3785 530 3852 nobilium
555 3789 725 3853 amicorum
751 3787 868 3878 auxilio
892 3787 1014 3853 avertit.

140 3927 343 3940 *nu——

211 3986 234 4054 ¹)
253 3986 369 4064 Tempus
381 3985 491 4056 aliquod
502 3989 598 4054 poetas
609 4001 764 4040 concessum
775 4001 831 4040 esse
848 3984 952 4039 duobus
964 3984 1030 4038 loeis
1043 3985 1180 4038 evincitur.
1200 3985 1310 4038 Etenim

140 4079 294 4134 eversibus
313 4096 344 4133 er
361 4080 392 4134 P.
407 4080 445 4148 II,
463 4081 488 4144 3,
515 4080 548 4133 83
561 4096 618 4150 sqq.
644 4081 831 4148 comperimus,
858 4080 982 4133 nuntium
1012 4095 1112 4148 poenae
1131 4095 1184 4132 non
1199 4079 1309 4147 Romae,
1414 4120 1418 4128 .

140 4173 189 4228 sed
212 4174 242 4228 in
265 4173 354 4227 insula
372 4172 431 4227 Ilva
455 4175 569 4243 upoeta
588 4177 727 4243 acceptum
746 4189 817 4227 esse:
844 4173 915 4227 unde
938 4189 997 4226 eum
1015 4174 1045 4227 in
1063 4173 1154 4227 urbem
1174 4189 1310 4227 reuersum

139 4283 226 4339 usque
254 4267 288 4321 ad
312 4271 412 4321 certum
437 4267 554 4337 aliquem
577 4267 647 4320 diem
671 4267 705 4321 ab
729 4268 892 4338 imperatore
916 4267 1092 4321 constitutum
1116 4269 1309 4320 commoratum

140 4377 209 4432 esse,
228 4363 403 4430 cognoscitur
421 4377 434 4414 6
453 4361 515 4416 1666
535 4361 617 4416 Trist.
635 4361 658 4426 1,
678 4362 702 4427 3,
720 4361 754 4416 35
772 4377 813 4432 sq.
832 4363 860 4415 61
877 4363 911 4416 51)
930 4378 973 4432 sq.
