3184 5008
715 394 750 402 -
800 358 840 420 ro
884 395 912 402 --

238 543 328 608 adest
351 543 516 610 Olintonus
539 542 635 626 (east.
660 542 738 608 Hell.
763 563 793 627 p.
818 531 1148 625 moguntiacensem
1173 541 1399 626 interpretandi

238 654 370 720 artificio
400 654 507 720 tollere
535 660 671 738 paratus.
720 653 789 718 Non
818 655 901 718 enirn
930 654 969 718 de
996 655 1077 735 vita,
1113 655 1236 720 sedda
1266 655 1399 720 oratoris

238 765 373 846 negotiis
407 765 557 830 sustentis
593 764 727 830 durandi
755 763 884 828 verbnm
919 758 1161 844 intellegendum
1197 785 1267 830 esse
1295 766 1396 845 docet,

239 875 354 958 quibus
371 877 537 954 Corvinus,
561 881 595 940 ut
620 875 797 942 valetudine
825 875 979 953 infirmus,
1003 882 1102 940 aetate
1124 877 1322 960 provectiore
1346 877 1402 940 ab·

241 987 396 1052 stinuerit.
433 986 522 1064 Quod
538 993 654 1068 tamen,
679 1007 770 1069 quam
789 986 923 1052 alienum
941 987 982 1050 sit
1000 986 1038 1050 ab
1056 988 1134 1070 Apri
1158 987 1241 1070 apud
1259 987 1399 1052 Tacitum

240 1100 420 1183 proposito,
455 1101 508 1181 qui
543 1119 634 1181 quarn
670 1098 810 1182 proxime
844 1105 982 1162 veterum
1012 1103 1167 1163 oratorem
1196 1105 1329 1164 aetatem
1360 1099 1400 1164 ad

238 1211 341 1294 ipsios
366 1215 510 1294 tempora
539 1210 703 1276 admovere
732 1209 853 1289 studet,
883 1210 1018 1294 amplius
1047 1229 1202 1294 exponere
1232 1230 1311 1294 opus
1340 1231 1403 1274 non

243 1330 290 1386 est
339 1321 507 1386 Conciliari
525 1322 622 1401 igitur
643 1341 704 1386 non
729 1329 831 1405 potest
847 1320 948 1388 Taciti
973 1321 1122 1400 indi-cium
1147 1340 1221 1386 cum·
1242 1323 1299 1401 eie,
1324 1343 1403 1406 quae

158 1519 159 1524 ἵ
211 1432 453 1517 ¹Hieronymus
480 1433 583 1498 tradit.
621 1432 698 1496 Nam
715 1432 781 1496 sive
804 1431 842 1496 ab
867 1433 924 1497 boo
940 1432 1068 1498 Corvini
1091 1440 1221 1498 mortem
1246 1453 1327 1502 anno
1353 1437 1402 1515 12,
1450 1461 1455 1474 r

243 1544 309 1608 sive
326 1563 407 1607 anno
426 1544 465 1608 14
481 1543 607 1608 attribui
625 1544 801 1620 statuimus,
827 1544 924 1626 (quod
940 1564 976 1608 ex
992 1545 1095 1628 ipsius
1111 1545 1214 1610 verbis
1230 1565 1291 1609 non
1312 1545 1403 1630 plane
1459 1561 1461 1567 ’

244 1657 399 1738 apparet)
428 1660 573 1718 neutrum
590 1656 741 1738 temporis
764 1661 914 1738 puuctum
938 1655 1034 1719 medii
1057 1656 1253 1740 principatus
1277 1657 1402 1720 nomine

240 1785 335 1848 posse
364 1765 551 1845 significari,
588 1765 797 1830 certissimum
826 1771 891 1845 est,
921 1771 1114 1850 propterque
1142 1787 1209 1831 eam
1238 1769 1402 1846 rationem,

243 1897 304 1958 qua
320 1883 540 1961 comparantur
556 1878 682 1944 Corvini
698 1875 912 1960 Pollionisque
929 1883 1058 1956 aetates,
1077 1883 1150 1943 ante
1166 1898 1280 1942 annum
1296 1879 1402 1958 lindio,

244 2007 305 2069 elur)
335 1987 433 2053 Pollio
468 1996 608 2054 mortuus
636 1989 730 2071 esti),
765 1989 933 2054 Corvinum
964 1989 1063 2052 Taciti
1094 1991 1220 2072 quidem
1249 1991 1404 2058 sententia

242 2099 417 2164 decessisse
441 2101 640 2167 statuendum
666 2107 723 2166 est.
1210 2157 1212 2162 ,

329 2191 384 2276 Sin
402 2200 504 2278 autem
520 2212 659 2278 iudicare
675 2232 754 2295 opus
775 2217 832 2291 est,
857 2213 918 2275 utri
941 2213 1013 2276 testi
1038 2212 1140 2276 maior
1158 2211 1236 2276 fides
1261 2209 1404 2276 habenda

242 2326 299 2404 sit,
325 2325 394 2407 quis
418 2345 480 2388 non
505 2323 586 2388 haud
609 2323 790 2389 dubitanter
812 2323 994 2406 praetulerit
1017 2343 1104 2402 eum,
1135 2325 1187 2406 qni
1211 2327 1243 2386 et
1264 2313 1403 2387 lontibus

242 2437 370 2520 optimis
387 2436 432 2500 uti
449 2435 600 2519 potuerit,
624 2442 655 2498 et
671 2435 708 2498 ad
731 2453 767 2498 ea
790 2442 941 2518 tempora,
966 2435 1004 2500 de
1029 2434 1142 2518 quibus
1166 2435 1278 2515 agitur,
1303 2435 1402 2498 tribus

244 2545 378 2610 saeculis
394 2547 525 2630 propius
543 2545 679 2626 accedat,
698 2566 789 2628 quam
806 2544 893 2622 alter,
912 2546 1000 2610 ouius
1016 2545 1214 2626 neglegentia
1229 2565 1291 2608 non
1308 2545 1404 2608 semel

243 2658 416 2722 litterarum
449 2657 603 2722 memoria
636 2656 761 2720 turbata
789 2657 851 2722 sit?
892 2657 999 2740 Neque
1028 2659 1089 2736 eis,
1125 2677 1204 2739 quae
1231 2655 1403 2721 Frontinus

224 2753 391 2848 credidit,
424 2767 660 2850 chronographo
688 2766 766 2831 fides
793 2767 927 2832 additur.
972 2765 1049 2842 Quis
1074 2767 1156 2830 enim
1180 2767 1404 2850 praefecturam

242 2899 393 2963 aquarum
428 2897 489 2942 non
524 2879 665 2962 potuisse
700 2898 757 2963 per
791 2878 913 2958 longius
945 2878 1109 2942 breviusve
1138 2886 1262 2960 tempus
1293 2898 1401 2965 vacare

245 2991 514 3055 demonstraturus
547 2996 608 3068 est,
644 2991 827 3073 praesertim
863 3009 933 3052 cum
962 2989 1096 3054 Corvino
1131 2989 1163 3052 in
1191 2988 1251 3052 boc
1278 3009 1406 3053 munere

244 3102 330 3177 duos,
351 3102 508 3164 adiutores
537 3101 685 3166 senatorii
719 3101 838 3164 ordinis
873 3101 963 3165 datos
998 3121 1085 3179 esse,
1120 3099 1203 3164 idem
1233 3099 1402 3164 Frontinus

198 3294 201 3299 Ι
243 3214 392 3278 testetur?
1406 3221 1408 3225 ’

329 3325 474 3388 Attamen
495 3324 716 3408 Hieronymus
740 3323 877 3386 virorum
902 3323 1064 3385 doctorum
1088 3321 1226 3386 sollertia
1249 3342 1311 3385 una
1334 3341 1402 3383 oum

244 3437 402 3501 erroribus
436 3437 502 3500 eius
532 3456 669 3500 errorum
696 3455 818 3518 quoque
842 3434 945 3498 causis
969 3433 1150 3516 patefactio,
1179 3451 1402 3514 nonnunquam

246 3547 329 3611 baud
351 3547 470 3612 inutilis
495 3547 580 3611 visus
605 3551 652 3610 est
674 3547 713 3610 ad
737 3567 844 3611 verum
869 3544 1088 3625 indagandum.
1134 3543 1224 3620 Quod
1254 3545 1304 3607 bic
1328 3563 1405 3626 quo-

245 3680 304 3742 que
330 3658 471 3722 nonnulli
495 3657 562 3722 fieri
585 3678 679 3742 posse
702 3657 824 3736 conlisi,
848 3657 880 3719 id
897 3656 1147 3720 ratiocinationis
1170 3655 1405 3720 tundamentum

246 3771 305 3834 sibi
333 3777 544 3854 sumpserunt,
570 3769 653 3852 quod
676 3769 874 3852 septuaginta
897 3767 974 3830 duos
999 3788 1097 3831 annos
1121 3789 1138 3830 a
1162 3767 1296 3831 Corvino
1321 3787 1404 3829 eorn-

245 3882 346 3965 pletos
370 3902 439 3946 esse
457 3881 665 3964 Hieronymus
690 3880 774 3944 dicit.
812 3879 873 3942 Sed
898 3879 1033 3961 primurn
1059 3877 1319 3942 considerandum
1345 3883 1405 3945 est.

246 3991 396 4075 quantula
431 3994 471 4056 sit
498 3993 529 4055 in
559 3990 672 4055 talibus
700 3991 793 4055 rebus
825 3989 1188 4067 codicumauetoritas,
1211 3989 1255 4075 in
1291 3987 1404 4071 quibus

245 4104 360 4168 lineola
383 4104 498 4168 detrita
520 4123 577 4167 nos
601 4103 705 4186 possit
727 4101 865 4165 eludere!
896 4100 975 4164 Tum
1002 4099 1209 4181 Hieronymus
1233 4119 1271 4162 ne
1296 4101 1326 4161 in
1351 4119 1406 4161 an-

314 4335 335 4402 1)
357 4336 389 4388 cf.
411 4334 538 4387 Eusebius
558 4333 598 4386 ed.
618 4332 737 4384 Schoene
756 4349 780 4401 p.
799 4333 853 4387 14³.
