3178 5018
729 397 770 409 ...
814 361 938 426 86,-

250 541 413 612 misisset?
458 544 535 612 Post
567 552 630 612 tres
663 553 779 630 autem,
818 546 866 614 vel
900 551 1049 632 quattuor
1080 544 1206 612 demum
1240 563 1339 610 annus
1362 562 1420 607 eos

251 655 365 722 litteris
389 656 471 724 inter
494 677 527 724 se
550 657 685 742 colloqui
709 657 864 742 coepisse,
888 659 941 741 qui
964 677 1022 743 per
1043 641 1140 722 totam
1156 656 1250 721 vitam
1267 654 1420 720 coniunc-

251 768 374 834 tissime
407 768 559 851 vixerant,
597 787 662 834 non
695 767 845 834 credibile
878 777 935 835 est.
984 769 1033 834 Ac
1055 765 1308 852 primoquidem
1332 762 1419 829 exilii

252 885 396 964 tempore
420 879 488 944 iure
511 878 617 945 invehi
639 881 743 965 putuit
764 880 938 946 Graecinus
960 882 994 945 in
1016 878 1121 946 scelus
1145 877 1183 944 ab
1207 876 1307 944 amico
1331 895 1420 942 cum-

140 1071 141 1078 ,
253 990 396 1072 missum,
421 990 465 1056 ita
486 996 602 1073 tameo,
625 999 660 1056 ut
682 1010 821 1056 amorem
844 1012 864 1056 a
886 1012 920 1057 se
942 1011 1006 1057 non
1029 991 1208 1076 depositum
1232 1009 1301 1056 esse
1321 986 1419 1073 proii-

252 1107 380 1167 teretur.
425 1101 570 1166 Summae
594 1108 697 1167 autern
726 1103 921 1170 crudelitatis
951 1101 1121 1188 opprobrio
1145 1099 1300 1165 obnoxius
1323 1103 1419 1180 esset,

253 1212 281 1276 si
318 1217 391 1295 post
426 1219 490 1277 tres
527 1211 577 1277 vel
611 1219 757 1296 quattuor
793 1233 892 1279 annos
926 1213 959 1278 id
994 1213 1097 1278 denuo
1132 1212 1302 1292 attigisset,
1335 1209 1420 1292 quod

254 1321 405 1387 Tristium
439 1321 529 1388 libris
563 1324 625 1388 iam
661 1323 765 1402 editis,
801 1326 976 1390 sexcenties
1005 1325 1073 1390 sine
1102 1323 1198 1388 dubio
1222 1329 1289 1387 erat
1311 1319 1420 1385 oribus

254 1433 415 1498 bominum
439 1438 651 1500 retractatum.
696 1433 744 1500 Ex
766 1436 837 1520 ipsa
859 1442 1023 1520 praeterea
1044 1436 1178 1516 ratione,
1203 1453 1264 1518 qua
1285 1431 1421 1497 Ovidius

253 1542 407 1608 Graeciae
443 1545 560 1626 gratias
594 1545 658 1627 agit
691 1547 733 1630 (v.
760 1548 799 1611 19
823 1547 918 1630 squ),
953 1551 1097 1632 apparet,
1126 1565 1195 1610 eum
1220 1540 1419 1629 adipiscendi

243 1655 353 1736 'magis
377 1654 484 1744 auxilii
509 1676 576 1741 spe,
601 1676 693 1740 qnam
716 1655 771 1722 lati
795 1658 947 1722 memoria
969 1656 1129 1744 inspirari.
1168 1655 1258 1733 Quod
1282 1674 1344 1719 non
1368 1673 1420 1738 re·

215 1823 216 1826 ,
252 1764 370 1830 fallitur
391 1738 496 1832 verbis
520 1767 560 1830 ‘29
583 1787 645 1850 sq.:

405 1879 453 1941 Tu
477 1897 611 1960 quoque,
635 1881 828 1959 perdurum
851 1884 1126 1960 servatotempus
1149 1879 1261 1956 amico,

456 1989 577 2076 Dignus
602 2003 635 2054 es
659 1991 691 2052 in
714 1991 814 2054 tantis
837 2009 952 2057 nomen
975 1991 1091 2054 habere
1111 1991 1199 2054 uiris.

338 2099 416 2164 Nam
441 2099 629 2164 Graecinum
664 2121 724 2164 nou
761 2101 839 2165 adeo
874 2103 935 2164 iam
970 2100 1099 2182 dignum
1124 2122 1205 2180 esse,
1229 2099 1319 2163 cuius
1343 2119 1421 2163 con·
1523 2169 1525 2176 ¹

253 2211 369 2275 stantia
403 2210 596 2275 carminibus
632 2209 815 2290 celebretur,
851 2211 907 2276 sed
941 2211 1070 2293 dignum
1105 2211 1244 2277 tutorum
1275 2207 1357 2292 esse,
1382 2231 1421 2275 eo

253 2320 365 2402 elucet,
390 2321 472 2404 quod
496 2320 571 2386 buic
606 2321 669 2406 ipsi
702 2319 821 2403 gloriae
849 2321 947 2404 gratis
970 2311 1163 2386 carminibus
1186 2321 1421 2407 comparandae

165 2515 169 2520 ⁸
251 2433 415 2518 promisso„
434 2432 588 2498 subicitur
612 2433 786 2498 exhortatio
811 2453 907 2518 supra
929 2433 1105 2518 adscripta:
1130 2431 1214 2516 ,Fac
1237 2432 1330 2498 modo
1346 2451 1421 2518 per·

252 2563 380 2608 maneas
404 2595 411 2609 .
436 2592 443 2607 .
466 2543 495 2608 .”
519 2563 544 2608 e.
569 2562 597 2626 q.
622 2563 647 2608 s.
692 2567 693 2574 ¹
801 2585 804 2594 ·

339 2653 420 2718 Ecce
435 2651 594 2736 rationes,
618 2653 732 2736 quibus
755 2673 965 2736 commoveor,
983 2662 1023 2719 ut
1046 2654 1193 2720 Ovidium
1216 2657 1319 2741 primu
1337 2660 1421 2721 tem-

251 2785 341 2851 pure,
364 2785 426 2849 quo
450 2765 558 2830 Tomis
582 2763 747 2846 babitaret,
772 2764 927 2832 Graecina
951 2767 1077 2832 misisse
1101 2771 1235 2832 statuam
1254 2765 1420 2851 epistolam

253 2876 276 2958 l,
291 2879 320 2958 6,
345 2883 536 2962 acceptoque
558 2895 722 2962 responso,
748 2877 891 2961 quamvis
915 2897 977 2942 non
1002 2878 1087 2943 omni
1111 2898 1148 2943 ex
1165 2886 1254 2963 parte
1269 2876 1420 2960 iucundo,

253 2995 389 3052 attamen
414 2986 496 3051 baud
520 2985 661 3069 inimico,
686 2986 787 3054 denuo
812 2987 946 3074 epistola
968 2988 1005 3070 ll,
1019 2991 1049 3070 6,
1075 3009 1145 3055 eum
1170 2988 1297 3054 adiisse.
1332 2987 1421 3065 Quae

253 3104 360 3164 tamen
383 3099 538 3163 sententia
561 3117 624 3164 una
646 3100 739 3165 etiam
763 3101 951 3182 gravissima
973 3099 1156 3164 difficultate
1179 3099 1317 3171 laborat..
1340 3100 1419 3164 Nam

252 3229 323 3274 cum
348 3209 520 3274 Graecinus
555 3229 591 3274 eo
624 3217 777 3296 tempure,
813 3231 874 3294 quo
908 3210 1040 3276 Ovidius
1072 3211 1277 3293 relegaretur,
1304 3211 1422 3296 Romae

252 3339 316 3384 nun
341 3325 434 3402 esset,
459 3318 496 3404 (I,
510 3321 541 3402 6,
555 3322 587 3404 1)
610 3322 743 3386 fortasse
766 3321 818 3386 ille
841 3342 904 3387 non
928 3323 1034 3407 potuit
1056 3323 1195 3401 omnino,
1226 3343 1308 3403 eum,
1332 3328 1422 3413 ante·

253 3447 344 3514 quam
379 3431 507 3511 rediret,
545 3431 658 3497 litteris
691 3407 795 3500 adires
834 3433 912 3498 Cum
947 3440 1052 3497 autem
1078 3433 1342 3498 verisimillimum
1367 3434 1421 3514 sit,

253 3541 452 3607 Graecinum
466 3541 530 3607 iam
553 3550 617 3608 tum
641 3544 674 3608 in
698 3541 881 3609 muneribus
909 3542 1045 3628 publicis
1068 3545 1327 3610 administrandis
1350 3564 1422 3608 ver·

253 3659 358 3718 satum
385 3674 467 3735 esse,
502 3655 620 3740 quippe
647 3655 700 3738 qui
724 3659 845 3739 septem
869 3655 960 3719 annis
983 3655 1275 3739 postconsulatum
1299 3656 1423 3749 adipis-

255 3766 423 3849 ceretur1),
462 3766 494 3830 in
531 3765 695 3850 pruvincia
728 3765 852 3830 videtur
882 3769 949 3831 tum
984 3767 1068 3852 apud
1091 3767 1263 3832 exercitum
1285 3765 1423 3852 publicis

252 3877 390 3958 negotiis
413 3878 606 3944 interfuisse.
651 3876 719 3954 Quo
753 3874 867 3960 aliquis
896 3875 1040 3942 effectum
1070 3897 1140 3943 esse
1163 3878 1257 3952 dicat.
1282 3886 1316 3943 ut
1337 3896 1423 3943 anno

252 3987 378 4052 demum
405 3990 443 4052 12
464 3986 513 4051 vel
538 3990 577 4054 13
601 3986 732 4054 Ovidius
756 3987 890 4072 primam
914 3988 943 4052 ei
968 3989 1104 4054 mitteret
1126 3988 1302 4074 epistulam.

338 4097 401 4164 Sed
425 4099 500 4183 quid
524 4099 640 4182 obstat,
675 4100 843 4184 quominus
866 4098 1040 4195 Graecinus
1068 4101 1162 4166 etiarn
1190 4101 1222 4165 in
1256 4101 1426 4186 provincia

250 4259 453 4268 -ι--ιιι--ι-ι

323 4339 345 4408 ¹)
364 4339 438 4396 Fast.
458 4339 519 4396 Ant.
539 4337 610 4394 c.1.
629 4337 659 4393 L.
677 4340 692 4394 I
709 4357 735 4410 p.
753 4339 812 4394 475.
