3178 5018
716 367 931 468 ,93¹-

244 556 342 644 naaria
379 555 596 636 dominatione
633 560 814 642 comparate
850 574 883 620 re
916 573 990 620 vera
1024 555 1148 623 demum
1183 555 1318 640 adeptus
1341 556 1408 622 est?

245 667 364 749 Contra
387 667 462 757 quid
484 667 586 747 magis
610 666 745 735 alienun
770 671 839 732 erat
872 665 911 730 ab
933 665 1058 732 illorum
1081 672 1258 751 temporum
1282 667 1407 749 studiis,

242 797 334 862 quam
359 785 413 856 aut
437 777 610 852 bellacum
634 776 947 858 Carthaginiensibus
970 777 1009 844 de
1025 777 1135 844 Sicilia
1157 784 1238 858 orta,
1262 778 1407 861 antiquo·

244 863 314 972 rum
350 895 525 974 poetarum,
561 887 672 970 Ennii,
706 887 816 954 Naeuii
839 888 990 972 operibus
1012 887 1185 970 celebrata,
1220 870 1279 958 aut'
1297 909 1347 956 res
1369 888 1408 954 ab

242 987 324 1082 aliis*
338 999 464 1084 populls
488 1000 519 1065 in
543 1000 601 1066 bac
623 997 728 1064 insula
749 999 877 1079 gestae?
898 1037 931 1046 -
950 998 1018 1064 Non
1041 1003 1159 1064 lomere
1182 999 1278 1080 igitur
1300 1019 1409 1065 omnes

242 1111 377 1194 Augusti
401 1110 564 1179 victoriam
589 1111 627 1178 de
650 1110 683 1177 S.
699 1109 852 1196 Pompeio
876 1115 1068 1196 reportatam
1091 1129 1111 1174 a
1130 1109 1246 1176 Severo
1270 1109 1409 1178 celebra·

246 1225 311 1312 tarn
336 1241 405 1288 esse
429 1227 613 1288 statuerunt.

329 1331 393 1398 Sed
420 1338 453 1396 ut
482 1332 575 1404 etiam
601 1331 673 1417 plus
695 1331 891 1410 Quintiliano
921 1333 1063 1398 adiutore
1086 1353 1231 1400 eruamus
1256 1332 1411 1418 „perscri-

245 1441 360 1514 bendi'
383 1445 554 1528 praecipue
587 1445 675 1508 nolio
709 1442 906 1508 observanda
928 1449 986 1523 est,
1023 1463 1101 1527 quae
1123 1448 1294 1528 usurpatur
1317 1443 1355 1508 de
1377 1463 1413 1508 re

119 1555 127 1607 .'
220 1552 351 1637 aliqua
383 1551 422 1620 ab
457 1554 549 1619 initio
582 1574 681 1638 usque
705 1553 859 1619 adfinem
885 1555 1147 1639 persequendo1).
1191 1553 1285 1620 Recta
1308 1561 1412 1621 autem

245 1661 444 1744 Beckcras2)
468 1666 624 1750 exposuit,
649 1663 836 1742 Quintiliani
852 1666 948 1730 verba
962 1685 1024 1730 non
1046 1666 1091 1730 ita
1107 1664 1315 1746 intellegenda
1329 1685 1412 1746 esse,

245 1782 280 1840 ut
313 1793 438 1839 carmen
473 1775 511 1840 de
547 1774 626 1841 bello
651 1774 756 1841 Siculo
791 1776 949 1842 aSerero
971 1777 1148 1862 inceptum,
1183 1796 1286 1860 neque
1307 1784 1414 1842 lamen

246 1886 422 1971 perlectum
461 1905 529 1952 esse
567 1887 741 1954 credamus.
797 1887 911 1969 Immo,
950 1888 1085 1973 perfecit
1116 1887 1250 1954 Seuerus
1287 1906 1415 1954 carmen

248 2016 352 2077 suum,
376 1995 488 2061 sedin
510 1997 683 2081 posteriore
706 2004 796 2083 parte
818 2018 881 2062 non
905 1997 1000 2079 idem,
1036 1999 1120 2082 quod
1143 1999 1301 2083 inpriore
1323 1998 1415 2078 inge·

249 2106 337 2179 nium
361 2107 529 2194 praestitit.
551 2113 553 2121 ⁴
575 2106 637 2173 Sed
660 2107 821 2174 Beckerus
850 2115 881 2173 et
903 2109 1071 2196 praecipue
1093 2108 1273 2192 Haubius³)
1297 2111 1340 2195 (p.
1359 2111 1414 2190 11)

246 2218 280 2282 in
314 2217 409 2286 alium
444 2239 581 2286 errorem
615 2219 736 2306 delapsi
763 2227 863 2287 sunt
891 2220 996 2306 lpsum
1025 2221 1108 2286 enim
1133 2218 1247 2286 bellurn
1271 2217 1413 2286 Siculum

247 2329 425 2413 posteriore
449 2329 574 2396 demum
598 2332 747 2396 carminis
770 2337 860 2416 parte
876 2339 1040 2398 tractatum
1058 2351 1128 2396 esse
1145 2338 1283 2396 censent.
1322 2328 1414 2407 Quod

247 2444 364 2522 minen,
389 2439 545 2524 quomodo
570 2439 791 2527 eQuintiliani
815 2441 919 2506 verbis
944 2429 1180 2526 interpretando
1207 2439 1278 2506 elici
1302 2441 1414 2525 possit,

248 2569 312 2615 non
335 2549 445 2632 video,
469 2551 531 2616 nisi
556 2551 635 2617 loric
658 2551 808 2634 Scaligeri
831 2553 1044 2618 coniecturam
1068 2553 1254 2638 recipimus,
1285 2553 1356 2636 qui,
1380 2558 1417 2618 ut

251 2679 308 2745 pro
334 2659 513 2743 „Siculum”
538 2661 669 2744 „civile”
702 2683 893 2748 reponamus
927 2663 1047 2731 suadet.
1094 2663 1170 2728 blarn
1205 2663 1305 2747 siquis
1339 2661 1413 2728 Livi

251 2769 351 2837 libros
385 2773 507 2857 priores
542 2773 769 2860 posterioribus
804 2780 985 2860 anteponat,
1020 2793 1093 2843 num
1129 2774 1186 2838 bos
1219 2793 1282 2840 non
1306 2772 1416 2840 eadem

252 2890 332 2960 arte,
357 2901 419 2966 qua
440 2881 510 2948 illos
528 2885 761 2970 „perscriptos”
785 2905 854 2976 esse
877 2885 980 2951 dicati
1017 2884 1126 2964 lmmo,
1150 2884 1317 2952 dicendum
1338 2891 1418 2966 erat,

250 2998 350 3058 totum
385 3012 465 3078 opus
499 3013 562 3060 non
596 2995 704 3060 eodem
740 2995 833 3060 modo
869 2996 1132 3080 „perscriptum⁷’,
1167 3015 1229 3079 quo
1257 2995 1417 3080 inceptam

241 3107 345 3178 'esset
391 3101 458 3185 Vel,
482 3103 563 3170 sicui
584 3104 616 3168 in
639 3104 768 3187 Virgilio
797 3107 901 3172 minus
924 3105 1078 3190 placeant,
1102 3125 1182 3189 quae
1205 3106 1244 3170 de
1267 3127 1300 3172 re
1323 3106 1413 3190 apia·
1464 3137 1472 3148 ·

250 3212 299 3302 ria
321 3214 354 3278 in
377 3219 489 3298 quarto
513 3213 688 3298 Georgicon
711 3215 791 3280 libro
815 3217 971 3293 exbibuil,
993 3235 1097 3282 nonne
1119 3236 1181 3282 non
1204 3215 1336 3296 librum,
1359 3217 1417 3300 qui

252 3331 300 3388 est
322 3323 361 3388 de
383 3343 417 3388 re
440 3324 572 3411 apiaria,
606 3326 663 3392 sed
685 3325 860 3408 Georgicon
883 3347 981 3411 opus,
1013 3347 1075 3394 non
1099 3327 1227 3408 eodem,
1264 3347 1326 3412 quo
1349 3331 1416 3394 tras

253 3434 376 3520 priores
398 3433 496 3501 libros
519 3435 645 3518 ingenio
669 3437 917 3522 „perscriptum”
941 3459 1011 3504 esse
1037 3439 1205 3523 queratur?
1238 3437 1419 3520 Praeterea,

253 3545 282 3610 si
304 3544 429 3610 illorum
453 3547 640 3612 sententiam
665 3567 878 3632 sequeremur,
902 3548 989 3632 operi
1006 3548 1115 3615 Severi
1140 3550 1239 3616 maius
1261 3549 1417 3634 temporis

253 3657 390 3744 spatium
420 3656 563 3743 amplexo
596 3656 668 3724 belli
691 3656 790 3724 Siculi
819 3659 990 3744 descriptio
1020 3659 1105 3726 velut
1126 3657 1199 3724 finis
1222 3678 1259 3725 ao
1281 3657 1422 3724 clausula

255 3766 408 3854 imposita
430 3774 514 3836 esset
536 3769 589 3853 (cl.
605 3766 738 3836 Becker.
761 3789 792 3855 p.
808 3769 895 3852 590).
941 3769 1004 3842 Sed
1027 3790 1090 3838 non
1113 3770 1140 3836 is
1161 3769 1222 3836 fuit
1237 3769 1331 3838 buius
1348 3767 1422 3834 belli

326 4048 348 4116 ¹)
367 4048 401 4103 el.
419 4048 510 4102 bivios
532 4047 553 4117 l,
568 4051 593 4103 l:
632 4049 801 4104 Facturusne
831 4051 1069 4121 operaepretium
1096 4051 1163 4118 sim,
1190 4049 1213 4104 ei
1240 4045 1423 4119 aprlmo'rdio

256 4142 333 4206 urbis
351 4158 394 4198 res
412 4141 505 4212 populi
523 4143 639 4200 Romani
657 4145 858 4215 perscripserim
878 4185 987 4200 .....

323 4235 346 4304 ²)
365 4236 393 4292 Ζ.
404 4236 425 4292 f.
435 4236 575 4296 Altertbw..
596 4239 663 4294 1848
681 4255 707 4308 p.
719 4239 771 4306 aaa
782 4256 841 4310 sqq.

325 4329 350 4397 ³)
369 4330 477 4396 llaube:
505 4330 802 4404 Quaestionesepicae,
820 4331 925 4396 dissert.
961 4333 1075 4412 Breslau
1096 4334 1167 4388 1870.
1232 4395 1235 4400 ¹
