3184 5008
664 394 872 460 ...55-

190 579 343 666 epistolae
370 581 531 646 notionem
559 529 708 666 obprimi,
731 577 816 647 velut
841 575 958 646 Heroid
982 572 1044 662 ΙΙΙ,
1075 584 1102 650 l.
1122 571 1210 670 '‘xtl
1236 574 1349 668 (nvn)

187 689 267 757 stu
305 687 458 757 ‘Fortasse
480 690 576 756 multo
598 690 670 776 plus
693 687 806 771 valent
830 703 909 775 quoe
930 688 1076 774 leguntur
1097 691 1149 774 111,
1171 695 1204 777 9,
1228 692 1260 760 i:

341 801 414 884 Ipse
434 819 491 882 ego
513 797 689 869 librorum
710 803 802 867 video
825 798 943 868 delicta
962 821 1107 868 meorum
1129 842 1169 852 -

275 913 357 978 Nam
376 911 528 977 librorum
561 928 675 978 nomen
704 911 854 998 epistolis
874 911 926 978 uix
949 909 1016 978 dari
1039 933 1133 1004 posse
1155 907 1350 984 crediderim.
1469 952 1471 960 ·

191 1021 260 1089 Sed
293 1021 364 1106 quis
397 1024 467 1103 seit,
502 1043 541 1088 an
572 1029 674 1108 poete
693 1023 745 1088 bie
767 1043 829 1088 non
853 1021 892 1089 ds
914 1020 989 1090 solis
1014 1021 1151 1091 Ponticis
1172 1023 1273 1107 libris,
1296 1026 1353 1092 sed

195 1133 324 1222 omnino
345 1131 387 1199 de
408 1131 601 1199 carminibus
623 1131 701 1218 suis,
725 1151 858 1218 quorum
880 1135 958 1198 vitia
972 1153 1035 1200 non
1050 1133 1352 1221 ignoratioquaturi

275 1245 434 1326 Attamen,
457 1243 542 1328 qnod
563 1244 728 1311 verborum
751 1245 1008 1330 interpretatione
1031 1247 1133 1312 evinci
1155 1266 1218 1312 non
1235 1253 1347 1333 potest.

189 1355 223 1421 id
257 1355 328 1441 ipsa
357 1350 418 1422 rss'
443 1354 563 1422 clamat.
608 1355 686 1420 Nam
719 1374 790 1420 cum
824 1362 984 1440 appareat,
1008 1353 1147 1438 singulos
1168 1354 1265 1423 libros
1288 1377 1351 1424 non

194 1485 261 1532 eam
286 1466 399 1532 babere
421 1466 566 1547 formam,
600 1484 691 1550 quam
720 1447 906 1532 Ovidiusin
930 1465 1059 1550 reliquis
1082 1467 1253 1534 carminum
1279 1487 1350 1532 cor-

191 1577 323 1664 poribus
345 1597 403 1662 per
424 1597 459 1643 ss
482 1577 577 1643 editis
600 1575 754 1660 adhibuit,
789 1577 867 1644 duas
900 1579 1005 1643 autem
1040 1577 1188 1663 epistolas
1222 1577 1350 1643 alteram

195 1688 309 1774 primo,
333 1686 460 1752 alteram
477 1687 586 1752 ultimo
601 1685 669 1752 loeo
685 1686 831 1772 positam,
855 1687 940 1753 omni
964 1707 1001 1752 ex
1023 1696 1111 1773 parte
1123 1687 1252 1754 idoneas
1269 1708 1351 1768 esse,

196 1816 275 1882 quae
298 1797 452 1882 prooemii
479 1797 658 1884 epilogiqne
680 1798 748 1863 viee
769 1798 950 1878 iungantur,
984 1799 1046 1862 iam
1080 1797 1124 1863 nil
1156 1798 1353 1882 relinquitur,

193 1909 255 1974 nisi
279 1915 313 1973 ut
334 1929 398 1974 unu
415 1917 479 1974 tres
493 1907 591 1974 libros
615 1908 714 1974 editos
738 1927 808 1974 esse
831 1891 1014 1974 statuamus.

276 2018 363 2096 Ques
396 2020 551 2085 sententia
583 2017 806 2104 comprobatur
837 2017 900 2083 alia
932 2037 1055 2102 quoque
1078 2018 1200 2086 ratione
1222 2040 1241 2084 a
1264 2019 1353 2085 Bruti

195 2129 287 2194 amici
311 2147 457 2214 persona,
482 2129 531 2195 cui
554 2137 685 2213 utraque
709 2129 842 2215 epistola
863 2129 962 2194 missa
984 2134 1042 2211 est,
1069 2130 1175 2215 petita
1219 2129 1267 2211 De
1291 2149 1352 2214 quo

192 2241 258 2305 'iam
283 2241 492 2326 disputemus,
516 2259 608 2324 quam
632 2241 765 2305 maxime
780 2239 848 2304 ficri
864 2239 989 2324 poterit,
1013 2246 1044 2305 et
1059 2235 1193 2305 breviter
1207 2247 1238 2305 et
1252 2240 1353 2326 piene.

194 2349 302 2435 Neque
326 2351 428 2418 deerit
448 2352 551 2433 venia,
575 2349 601 2418 si
624 2371 658 2417 rs
680 2354 752 2437 ipsa
774 2353 885 2433 coacti,
920 2370 938 2416 a
963 2355 1138 2437 temporum
1170 2353 1354 2436 quaestione

194 2463 355 2548 paululum
379 2464 524 2528 recedere
546 2461 732 2528 videbimur.
1343 2459 1345 2466 '

278 2571 417 2639 Primum
440 2575 537 2656 igitur
559 2573 658 2638 accita
679 2571 752 2638 libri
775 2573 878 2656 quarti
902 2592 1026 2657 quoque
1050 2570 1183 2659 epistola
1204 2581 1292 2639 sexte
1313 2569 1354 2638 ad

194 2685 327 2749 eundem
352 2685 459 2765 missa,
484 2683 680 2766 indagemus,
704 2681 826 2766 qualem
850 2683 915 2748 fere
938 2682 1030 2750 huius
1052 2684 1112 2750 riri
1128 2684 1299 2766 imaginem
1315 2704 1353 2749 ex
1391 2692 1393 2707 '

191 2795 295 2880 ipsius
330 2792 434 2860 Ovidii
467 2792 570 2859 verbis
604 2793 764 2878 possimus
795 2791 888 2857 nobis
923 2793 1110 2862 describere.
1161 2791 1291 2860 Multum
1320 2795 1353 2858 in

196 2905 374 2971 forensibus
396 2905 534 2986 negotiis
558 2910 588 2969 et
603 2911 815 2968 accusatorem
832 2909 864 2968 et
878 2910 1044 2989 patronum
1059 2903 1158 2970 fuisse
1174 2924 1244 2969 eum
1260 2923 1354 2969 oceu-

195 3023 317 3101 patum‚
340 3014 483 3080 versibus
506 3013 632 3080 nemus
655 3013 830 3098 exponitur.
876 3012 983 3097 Neque
1017 3021 1120 3080 tamen
1148 3021 1276 3081 strenam
1299 3013 1352 3081 illo

196 3127 312 3207 animo,
337 3145 397 3210 quo
410 3125 442 3190 in
455 3125 506 3191 his
517 3125 612 3192 rebus
624 3144 704 3210 opus
716 3129 793 3207 erat,
805 3124 1029 3189 humanitatem
1043 3125 1356 3211 misericordiamque

196 3237 264 3302 eius
297 3237 493 3300 imminutam
528 3256 608 3317 esse,
643 3237 778 3300 maxime
811 3234 985 3300 celebratur
1011 3239 1052 3316 (r.
1077 3235 1117 3300 27
1141 3255 1199 3319 sq,
1228 3237 1269 3301 39
1292 3237 1352 3320 sq.)

195 3345 290 3412 Plura
313 3352 413 3411 autem
438 3345 476 3410 de
500 3347 650 3425 amicitia,
675 3365 736 3430 qua
759 3365 829 3410 oum
853 3344 965 3411 Ouidio
982 3346 1165 3412 coniunctus
1182 3353 1258 3428 erat,
1282 3366 1355 3432 pro·

197 3459 351 3523 feruntur.
396 3454 482 3533 Quae
506 3465 537 3521 et
558 3475 615 3544 per
634 3456 760 3538 longum
777 3463 901 3541 tempus
916 3458 1044 3540 mansit,
1061 3457 1199 3524 strabus
1215 3458 1356 3524 adversis

198 3568 277 3633 adeo
293 3585 355 3632 non
371 3567 536 3633 imminuta
553 3573 611 3648 est,
635 3573 669 3632 ut
684 3567 776 3631 etiam
792 3566 893 3648 magis
908 3565 1146 3633 confirmaretur
1160 3570 1202 3653 (r.
1217 3570 1256 3632 21
1274 3568 1356 3652 sqq.)

196 3677 289 3746 Nullo
311 3685 413 3743 tamen
438 3686 578 3762 tempore
601 3677 713 3743 meiius
737 3676 861 3758 cognita
883 3684 941 3759 est,
976 3695 1068 3761 quam
1099 3697 1159 3761 quo
1183 3683 1277 3764 poeta
1299 3693 1356 3763 pa-

195 3791 287 3855 triam
311 3788 487 3873 relinquere
510 3789 679 3870 cogebatur
700 3789 743 3871 (v.
760 3787 802 3852 25
824 3805 883 3870 sq„
906 3787 947 3851 41
972 3788 1089 3870 sq.).-
1102 3769 1188 3854 Haec
1210 3788 1357 3854 deBrutd

199 3901 326 3966 disertis
350 3899 453 3964 verbis
476 3900 686 3984 proferuntur.
731 3899 838 3981 Neque
860 3905 964 3963 tamen
986 3899 1118 3965 minoris
1140 3901 1290 3965 momenti
1311 3899 1360 3966 c‘sb

195 4013 293 4077 totius
316 4009 467 4096 epistolae
491 4010 747 4092 argumentum),
772 4009 857 4092 qnod
871 4009 928 4090 eis,
947 4027 1026 4093 quae
1048 4015 1142 4094 poeta
1164 4009 1203 4076 de
1226 4030 1260 4076 se
1286 4011 1357 4098 ipso

198 4130 230 4189 et
252 4124 291 4188 de
315 4123 415 4188 amico
449 4120 537 4204 dicit,
572 4120 775 4186 absconditur
807 4119 919 4202 magis,
954 4139 1048 4203 quam
1070 4121 1234 4206 promitur.
1282 4121 1357 4188 Neci

195 4279 299 4290 ,-
306 4281 398 4289 -..-.--..

269 4363 292 4432 ¹)
310 4361 365 4420 cfr,
383 4361 461 4415 buius
480 4359 671 4430 disputationis
690 4375 716 4428 p.
737 4357 767 4412 14
785 4373 844 4428 sqq.
