3184 5008
657 334 864 398 -23..

139 602 146 614 ¹
176 512 270 582 Trist.
286 515 307 597 l,
328 519 379 598 11,
399 518 621 602 5„postquam
642 535 745 586 cursu
768 519 918 586 bimarem
942 521 1159 608 superavimus
1180 521 1339 588 Isthmon”

173 627 337 692 refellitur.
382 627 526 712 Denique
559 649 621 694 non
657 631 863 696 omittendum
898 637 957 713 est,
990 639 1140 716 quantum
1163 633 1215 698 bic
1238 633 1339 697 valeat

178 737 278 804 solum
292 739 360 802 eius
375 745 488 823 poetae
505 737 674 822 silentium,
689 741 742 824 qui
755 746 892 807 ceterum
904 740 936 806 in
948 742 1020 808 fatis
1037 743 1338 827 condicionibusque

177 850 244 914 suis
268 849 486 914 describendis
508 851 541 914 in
557 850 606 916 his
627 851 794 936 praecipue
818 853 1008 918 carminibus
1030 854 1266 939 copiosissimus
1283 846 1340 920 est.

260 959 349 1036 Quae
372 961 399 1024 si
423 961 670 1043 consideramus,
706 962 816 1045 elucet,
847 984 913 1028 non
943 964 1013 1049 plus
1036 965 1188 1050 temporis
1212 985 1282 1033 cum
1304 965 1339 1028 in

174 1072 288 1136 itinere
322 1073 569 1156 consumpsisse,
606 1092 698 1156 quam
733 1093 811 1158 opus
845 1074 944 1139 fuisse
976 1095 1040 1140 non
1072 1076 1167 1140 nimis
1196 1073 1339 1140 celeriter

174 1178 385 1266 proficiscenti
410 1184 740 1268 supra·.exposuimus.
787 1183 921 1250 Hiamali
948 1185 1043 1266 igitur
1066 1186 1162 1252 etiam
1184 1191 1336 1270 tempore,

176 1313 284 1357 mense
307 1291 458 1358 lanuario
482 1293 529 1358 v‘el
552 1294 679 1359 ineunte
696 1315 803 1360 mense
820 1294 987 1360 Februario
1001 1317 1072 1360 eum
1085 1295 1199 1361 Tomos
1211 1297 1336 1361 venisse

175 1403 438 1468 verisimillimum
463 1411 517 1470 est.

262 1523 325 1588 Sed
348 1544 387 1588 ne
411 1523 488 1587 hacc
511 1513 636 1606 quidem
653 1524 849 1590 ratiocinatio
866 1524 943 1590 eden
960 1529 1118 1606 cantuset,
1141 1531 1177 1590 ut
1191 1526 1339 1590 continua

176 1634 250 1699 inde
275 1642 529 1715 argumentorum
554 1634 651 1700 series
676 1635 897 1718 suspendatur.
934 1635 1012 1700 Nam
1036 1656 1225 1721 quamquam
1249 1655 1340 1721 prae-

177 1747 275 1810 fracte
299 1746 406 1825 negari
430 1749 543 1829 potest,
568 1745 650 1828 quod
673 1744 812 1808 nonnulli
837 1753 1036 1829 censuerunt,
1060 1752 1185 1831 poetam
1198 1745 1341 1812 Corinthi

178 1855 225 1920 vel
249 1834 401 1921 alio'loco
426 1877 481 1939 per
503 1855 627 1936 longius
651 1861 775 1941 tempus
800 1857 862 1920 ctio
887 1857 1019 1923 fructum
1044 1877 1125 1938 esse,
1148 1856 1336 1940 tamenlieri

91 2041 94 2045 ⁴
177 1968 289 2052 potuit,
313 1974 347 2030 ut
370 1967 503 2032 diversis
526 1966 604 2031 locis
627 1986 796 2050 paucorum
820 1967 942 2032 dierum
965 1988 1084 2032 moram
1106 1969 1232 2034 faceret.
1256 1967 1342 2047 Quae

178 2077 302 2158 singula
338 2085 514 2162 temporum
550 2079 651 2162 spatia
684 2079 816 2142 fortasse
849 2087 911 2142 tam
944 2079 1074 2164 parvule
1097 2085 1195 2161 erant,
1219 2086 1254 2142 ut
1275 2099 1338 2144 non

178 2197 273 2265 esset,
298 2209 353 2252 cur
377 2209 482 2263 corum
508 2194 600 2272 potita
617 2189 805 2252 mentionem
826 2190 927 2274 primo
942 2189 1092 2254 Tristium
1104 2187 1184 2254 libro
1196 2189 1337 2268 iniceret,

178 2307 358 2385 computata
395 2307 498 2364 autem
533 2300 656 2364 itineris
689 2305 813 2385 tempus
837 2299 914 2365 adeo
938 2300 1096 2384 porrigere
1125 2303 1279 2384 poterant,
1309 2304 1344 2364 ut

178 2431 251 2474 vere
285 2411 410 2475 demum
445 2412 572 2476 ineunte
596 2410 727 2476 Ovidius
751 2410 866 2476 Tomoe
890 2410 1076 2494 perveniret,
1100 2411 1283 2494 praesertim
1307 2411 1334 2476 si

177 2531 312 2586 exeunte
336 2508 459 2586 demum
485 2541 591 2586 mense
616 2521 781 2586 Decembri
805 2543 875 2586 eum
898 2522 1074 2606 proiectum
1090 2541 1159 2588 esse
1175 2541 1340 2606 ponamus

267 2633 316 2696 Ad
340 2633 469 2697 eandem
494 2633 592 2714 igitur
614 2633 803 2698 sententiam
827 2632 884 2696 bac
907 2652 1031 2716 quoque
1055 2634 1104 2696 via
1127 2632 1337 2716 pervenimuS,

180 2764 273 2827 qnam
299 2763 393 2828 supra
412 2744 471 2807 alin
492 2743 584 2808 modo
605 2742 745 2809 stabilire
762 2745 862 2808 conati
880 2763 997 2810 sumus.
1024 2743 1108 2807 ⁴Nem
1126 2763 1197 2806 cum
1212 2749 1342 2806 exeunte

178 2855 283 2920 hieme
317 2855 366 2918 vel
394 2855 521 2918 ineunte
556 2875 627 2918 vere
661 2855 699 2918 ab
733 2853 844 2918 Ovidio
877 2853 979 2918 locum
1014 2853 1096 2918 exilii
1125 2859 1340 2937 conspectum,

181 2985 252 3030 esse
286 2961 529 3047 ostenderimus,
565 2967 673 3030 eodem
709 2966 783 3030 anni
815 2970 956 3049 tempore
991 2965 1127 3047 quinque
1155 2965 1246 3028 annis
1267 2967 1340 3047 post

180 3077 316 3162 epistola
339 3097 376 3140 cx
399 3075 498 3140 Ponto
522 3076 573 3158 lV,
608 3077 628 3137 b
662 3077 700 3140 ad
732 3075 861 3140 Brutum
884 3067 1012 3138 missam
1037 3095 1107 3139 esse
1129 3074 1341 3156 consequitur.

179 3187 266 3264 Quae
290 3197 360 3251 cum
385 3187 442 3252 soli
467 3209 548 3251 anno
574 3191 611 3250 15
636 3187 771 3251 adscribi
800 3187 913 3270 possit,
937 3185 976 3250 ad
999 3186 1086 3270 prius
1109 3185 1182 3248 anni
1213 3185 1339 3260 to3s10

177 3309 302 3382 tempus
326 3299 478 3364 adventus
495 3305 604 3382 poetae
626 3299 804 3362 necessario
823 3297 1005 3361 referendus
1022 3301 1077 3361 est.
1091 3333 1130 3344 —
1144 3295 1221 3360 Cum
1239 3301 1342 3359 autem

179 3431 287 3475 mense
311 3409 477 3474 Decembri
502 3408 618 3472 ltaliam
643 3408 817 3492 reliquerit,
842 3429 943 3492 neque
966 3407 1036 3493 plus
1064 3427 1155 3490 quam
1173 3426 1251 3490 opus
1272 3406 1341 3487 fuit,

179 3521 331 3605 temporis
355 3522 386 3584 in
409 3521 522 3584 itinere
545 3521 788 3603 consumpserit,
813 3521 871 3584 sub
895 3519 988 3582 finem
1018 3519 1091 3582 anni
1123 3518 1143 3580 c
1154 3517 1238 3590 1762
1272 3537 1342 3597 eum

179 3633 283 3716 patria
305 3631 429 3716 pulsum
455 3651 524 3695 esse
547 3631 757 3717 certissimum
781 3638 837 3694 est.
893 3629 1000 3712 Neque
1023 3648 1101 3712 opus
1125 3633 1173 3692 est
1195 3626 1337 3712 pluribus

183 3745 318 3806 refutare
332 3742 492 3822 Graeberi,
519 3741 688 3823 teutschii,
714 3740 857 3806 Wblffelii
875 3740 1071 3816 sententiam,
1096 3738 1234 3821 quicum
1252 3742 1307 3802 ant
1326 3773 1340 3786 -

181 3854 311 3918 cedente
345 3854 407 3916 iarn
441 3873 522 3917 anno
556 3855 727 3938 profectum
753 3873 821 3918 esse
846 3858 996 3918 statuunt.
1041 3848 1119 3913 Nam
1143 3849 1343 3912 lucratione

180 3971 233 4028 aut
254 3965 379 4028 itineris
402 3971 526 4048 tempus
562 3963 641 4028 ultra
669 3965 742 4028 anni
767 3964 902 4048 spatium
926 3961 1105 4046 porrigitur,
1129 3968 1182 4024 aut
1203 3957 1337 4042 epistola

180 4073 230 4149 lV,
256 4076 276 4137 6
300 4075 338 4138 ad
360 4075 394 4139 id
416 4083 539 4158 tempus
564 4075 707 4152 retertur,
732 4074 815 4158 quod
838 4073 973 4152 Augusti
996 4071 1088 4135 morti
1112 4071 1288 4135 antecessit.

266 4184 462 4249 Advenicndi
487 4191 589 4250 autem
613 4190 750 4270 tempus,
769 4184 852 4269 quod
868 4184 908 4248 ad
925 4184 984 4248 huc
998 4188 1063 4247 tam
1078 4187 1234 4262 accurate,
1249 4200 1340 4263 quam

182 4295 343 4376 vellemne,
369 4295 499 4360 delinire
522 4316 583 4360 non
608 4296 750 4376 contigit,
787 4295 856 4360 aliis
880 4314 1004 4378 qunque
1034 4293 1133 4375 siguis
1156 4290 1343 4375 quibusdam
