3184 5008
712 394 901 457 ..gh

504 561 507 570 *
623 576 716 646 Trist.
741 578 802 658 Ν,
825 581 855 660 6,
881 581 920 644 19
943 599 1003 664 sq.:

352 685 396 750 tn
419 686 522 770 patria
545 705 647 770 careo,
671 689 720 768 luis
743 689 885 772 frugibus
909 709 982 755 area
1003 691 1077 756 trita
1100 700 1157 774 est,

422 796 569 862 Dissiluit
591 800 675 863 nudo
699 821 809 884 pressa
827 799 880 866 'bis
903 821 964 865 una
986 802 1075 886 pede.

629 909 722 974 Trist.
746 911 808 993 Ν,
834 915 864 992 7,
890 915 906 976 1
931 933 991 995 sq.:

355 1017 408 1082 Bis
431 1039 481 1082 me
505 1019 550 1084 sol
575 1021 652 1084 adiit
674 1020 795 1101 gelidae
818 1029 890 1107 post
913 1024 1029 1103 frigora
1053 1024 1192 1107 brumae,

421 1129 538 1213 Bisque
563 1152 652 1195 suum
676 1139 757 1196 tacto
781 1133 869 1217 pisce
891 1131 1014 1218 peregit
1036 1134 1105 1200 iter.

624 1240 719 1307 Trist.
746 1243 791 1322 V.‚
818 1245 868 1321 to,
894 1247 909 1307 1
936 1265 997 1327 sq.:

348 1349 391 1416 Ut
414 1371 521 1416 snmus
544 1354 576 1416 in
601 1352 710 1433 Ponto,
734 1362 780 1418 ter
803 1355 918 1435 frigore
945 1357 1084 1420 constitit
1107 1355 1224 1436 Hister,

339 1475 341 1480 '
420 1461 514 1526 Facta
537 1470 585 1528 est
608 1463 719 1528 Euxini
745 1465 823 1529 dura
845 1473 892 1528 ter
915 1467 998 1529 unda
1021 1467 1125 1531 maris

611 1595 656 1638 ex.
681 1575 715 1641 P.
740 1575 772 1647 l..
796 1579 827 1655 2,
852 1577 903 1657 27,
929 1597 989 1659 sq.:

351 1683 412 1748 Hic
434 1705 484 1748 me
507 1693 695 1769 pugnantem
721 1706 789 1750 cum
814 1688 929 1766 lrigore
953 1707 1085 1772 cumque
1109 1691 1230 1771 sagittis

421 1794 562 1878 Cumque
586 1817 654 1860 meo
678 1799 742 1861 lato
767 1806 875 1880 quarta
897 1799 1006 1878 fatigat
1023 1796 1137 1868 ‘hiems

622 1929 667 1972 ex.
692 1907 726 1973 P.
749 1907 783 1987 l.,
809 1909 839 1988 8,
863 1910 902 1972 27
927 1930 988 1992 sq.:

354 2015 395 2080 Ut
417 2037 506 2080 careo
530 2017 630 2096 vobis,
655 2017 779 2102 Stygias
802 2019 949 2084 detrusus
973 2021 1110 2104 inuras,

420 2127 572 2203 erattuor·
595 2137 760 2194 autumnos
784 2128 886 2196 Pleias
909 2137 977 2196 orta
998 2132 1081 2198 lacit.

616 2262 662 2305 ex.
687 2239 719 2306 P.
743 2241 806 2316 Ν,
830 2241 860 2321 6,
884 2241 904 2306 ἶ)
927 2262 987 2325 sq.:

354 2349 386 2414 ln
410 2349 538 2436 Scythia
559 2353 650 2416 nobis
674 2353 884 2436 quinquennis
909 2351 1070 2437 Olympias
1093 2364 1161 2420 acta
1183 2363 1242 2420 est:

419 2462 481 2527 lam
505 2471 629 2548 tempus
652 2463 741 2537 lustri
766 2465 880 2528 transit
903 2465 932 2526 in
958 2463 1095 2530 alterius

610 2597 655 2639 ex.
680 2574 712 2640 P.
739 2575 799 2655 Ν,
827 2577 1004 2657 llqlsq:

351 2683 408 2747 Hic
432 2685 507 2748 mihi
532 2687 700 2750 Cimmerio
725 2686 772 2749 bis
795 2686 887 2749 tertia
910 2686 1035 2749 ducitur
1058 2695 1159 2753 aestas
1282 2715 1283 2718 ¹

416 2793 520 2860 Litore
543 2797 667 2880 pellitos
691 2798 772 2862 inter
795 2797 916 2876 agenda
939 2795 1044 2862 Getas,

594 2929 639 2973 ex.
664 2892 697 2972 P.
723 2907 782 2988 Ν,
808 2909 856 2988 13,
881 2909 921 2972 39
945 2927 1005 2989 sq.:

349 3017 1019 3097 ......,sedmeium,(lare,nivali

417 3129 510 3193 Sexta
532 3129 701 3210 relegatum
728 3128 835 3193 bruma
858 3127 915 3190 snb
945 3147 1000 3191 axe
1028 3129 1121 3194 videt.

309 3237 458 3303 Videmus
483 3259 607 3326 semper
629 3261 727 3304 annos
750 3239 907 3303 numerari
930 3237 1004 3302 inde
1027 3239 1066 3302 ab
1091 3260 1126 3304 eo
1151 3248 1304 3327 tempore,
1320 3268 1381 3330 quo

221 3355 328 3433 pocta,
352 3358 405 3414 aut
428 3372 465 3414 ex
487 3350 575 3416 ltalia
597 3353 765 3435 proiectus,
785 3359 837 3413 aut
854 3348 1012 3432 Scythiam
1030 3351 1192 3432 ingressus
1205 3355 1256 3438 sit,
1271 3376 1380 3439 quam-

217 3455 314 3542 quam
338 3460 460 3527 duobus
484 3461 562 3527 locis
586 3463 693 3546 (Trist.
717 3461 778 3540 Ν,
804 3461 832 3542 7,
858 3461 945 3549 lsq.
970 3468 1001 3524 et
1023 3481 1060 3524 ex
1082 3461 1116 3526 P.
1140 3463 1174 3542 l.,
1200 3465 1230 3546 8,
1255 3468 1294 3530 27
1318 3473 1380 3551 sq.)

221 3590 284 3634 non
297 3573 401 3636 statim
415 3573 616 3656 perspicitur,
642 3581 744 3636 utrum
757 3570 907 3654 temporis
920 3578 1069 3654 punctum
1088 3578 1182 3655 potita
1198 3576 1380 3658 significare

218 3681 365 3747 uoluerit.
409 3682 457 3749 lta
469 3683 566 3764 igitur
581 3683 614 3748 hi
624 3683 684 3748 loci
698 3701 805 3745 omnes
819 3681 990 3764 comparati
1004 3688 1086 3763 sunt,
1100 3689 1207 3748 utnon
1220 3690 1381 3770 possimus

221 3794 268 3860 eis
292 3794 348 3876 uti,
373 3795 433 3859 nisi
459 3794 617 3878 explorato
652 3801 742 3858 antea
776 3802 804 3856 et
828 3812 864 3855 eo
887 3798 1038 3875 tempore,
1062 3813 1121 3876 quo
1146 3802 1240 3879 poeta
1261 3798 1380 3868 ltaliam
1448 3813 1451 3824 '

221 3903 394 3988 reliquerit,
419 3914 449 3970 et
472 3927 519 3988 eo,
545 3925 605 3989 qno
630 3906 744 3970 Tomos
768 3903 953 3989 pervenerit.

307 4015 353 4081 De
377 4037 436 4100 qno
460 4018 610 4082 indicium
635 4017 669 4080 fit
692 4018 739 4080 tis
762 4015 852 4080 locis:

604 4129 697 4195 Trist.
721 4128 783 4208 Ν,
808 4127 838 4206 8,
862 4126 903 4189 33
926 4145 986 4208 sq.:

375 4237 501 4322 lamque
525 4241 630 4306 decom
654 4240 761 4305 lustris
785 4239 870 4303 omni
894 4237 961 4299 sine
983 4234 1052 4301 labe
1082 4243 1228 4324 peractis,

426 4351 518 4416 Parte
532 4361 667 4438 'premor
688 4353 769 4416 vitae
793 4352 946 4418 deteriore
969 4366 1072 4412 meae:

1185 4481 1211 4534 ,.
