3184 5008
732 342 942 433 4¹30-

259 574 297 619 ex
320 555 365 620 eis
388 556 462 620 oriri
486 555 634 636 diximus,
657 555 790 621 tollatur.
818 554 977 621 Autenim
995 553 1116 639 „Getici
1132 555 1240 622 sinus''
1261 573 1324 620 nun
1347 571 1421 638 per·

258 666 358 731 tinent
380 665 420 731 ad
442 685 526 731 oraru
551 665 761 748 tomitanam,
798 667 853 732 sed
888 665 927 731 ad
961 685 1029 730 earn
1058 653 1209 731 Thraeiae
1236 670 1355 750 partem
1380 663 1421 728 ud

258 777 421 842 meridiem
444 787 584 858 versam,¹
600 779 634 843 iu
656 797 718 862 qua
740 777 899 863 Tempyra
920 776 981 842 sita
996 781 1080 859 sunt,
1096 777 1143 843 ita
1157 781 1193 842 ut
1209 781 1303 861 poeta
1317 794 1417 861 paene

258 887 320 952 iarn
358 888 494 972 perfeeto
531 889 642 954 itinere
677 887 779 953 navali
813 908 870 954 sun
897 907 984 953 mure
1019 907 1085 952 rem
1123 905 1314 969 exaggerans
1351 893 1416 952 tntu

259 997 393 1064 distialm
416 999 590 1084 exprimere
611 1000 759 1082 voluerit,
786 1020 821 1066 se
843 1001 1029 1092 immensum
1052 1018 1109 1084 per
1129 1018 1215 1064 mare
1237 999 1299 1064 iter
1319 1017 1420 1083 usque

262 1110 301 1175 ad
324 1109 476 1176 Thraciae
499 1129 584 1175 nram
607 1111 710 1175 farere
733 1109 879 1176 (laesuris
900 1111 949 1175 ira
970 1117 1111 1175 noudum
1135 1129 1220 1176 esse:
1249 1127 1342 1193 quam
1366 1129 1419 1174 ex·

263 1218 463 1306 plicationem
487 1225 518 1286 et
540 1220 688 1286 Loersius
723 1223 766 1306 (p.
790 1222 825 1304 8)
858 1221 1035 1306 preposuit,
1070 1225 1101 1285 et
1128 1220 1293 1287 thulzius
1317 1222 1362 1304 (p.
1385 1219 1419 1302 5)

158 1357 159 1370 ¹
264 1331 354 1414 sequi
375 1331 544 1414 videtur:1)
578 1336 631 1398 aut
652 1331 813 1398 deierandi
847 1331 1030 1397 venabulum
1056 1333 1114 1396 hoe
1135 1331 1203 1397 loeo
1226 1349 1295 1396 eam
1317 1331 1420 1412 signi-

260 1440 435 1506 fieationem
459 1441 562 1522 habet,
586 1449 704 1508 utnon
727 1443 858 1507 multum
883 1442 1020 1508 distata
1047 1442 1182 1508 iaeiendi
1204 1441 1254 1507 vel
1276 1441 1420 1506 mittendi

259 1553 397 1618 nodone.
442 1551 532 1631 Quod
565 1553 632 1618 lieri
666 1574 762 1639 posse
795 1555 844 1619 iris
877 1553 1028 1639 exemplis
1051 1553 1285 1639 comprobetur:
1308 1553 1418 1618 Giaere

261 1668 337 1729 erat.
362 1661 441 1730 Phil.
464 1663 502 1744 ll,
526 1683 594 1749 eap.
618 1665 659 1729 34
681 1684 699 1730 e
725 1665 815 1730 fastis
838 1663 973 1750 publicis
997 1665 1074 1730 haee
1095 1664 1191 1730 verba
1211 1663 1331 1728 laudat:
1363 1663 1418 1746 ‚¹,C.

264 1772 403 1856 Caesari,
426 1773 570 1840 dictatori
592 1781 755 1860 perpetuo,
778 1773 819 1842 M.
836 1776 1007 1841 Antnnium
1031 1774 1189 1842 consulem
1206 1773 1315 1860 populi
1331 1775 1420 1838 iussu

260 1903 390 1966 regnum
424 1883 605 1970 detulisse,
638 1885 803 1952 Caesarem
837 1887 882 1953 nti
909 1885 1078 1952 noluisse’‘.
1128 1883 1188 1951 Hie
1216 1903 1340 1969 qunque
1363 1885 1418 1949 de·

259 1986 380 2061 terendi
402 1995 497 2062 verbo
521 1995 718 2078 significatur
738 1997 840 2063 solum
864 1998 1003 2064 studium
1025 1998 1071 2063 rei
1105 1997 1238 2062 alieuius
1260 1997 1293 2061 in
1316 1995 1434 2069 locum.

262 2105 397 2190 aliquem
421 2107 611 2173 conferendi.
656 2106 841 2194 Exemplum
876 2114 979 2173 autem
1014 2110 1107 2174 etium
1135 2106 1327 2194 praeclarius
1350 2107 1419 2192 ipse

267 2215 398 2283 Ovidius
420 2217 558 2303 praebet.
602 2217 670 2284 Hae
693 2219 775 2284 enim
799 2223 870 2283 voto
893 2237 1016 2296 navem,
1040 2238 1102 2302 qua
1122 2238 1222 2302 usque
1244 2217 1284 2283 ad
1307 2217 1418 2282 Samn-

260 2327 412 2394 thraniam
435 2335 598 2414 pervectus
622 2335 680 2398 est.
702 2330 904 2414 prosequitur
926 2329 977 2394 Tr.
997 2329 1022 2398 l.
1048 2331 1098 2408 10,
1121 2331 1175 2393 41:

413 2439 575 2521 siquibus
599 2442 746 2506 adveniat
768 2442 912 2505 Miletida
934 2459 1043 2522 sospes
1066 2442 1106 2504 ad
1128 2443 1239 2505 urbem

349 2615 355 2642 Ι
461 2551 579 2614 Offensi
602 2570 663 2631 qun
686 2571 736 2616 me
759 2549 889 2616 detulit
910 2553 958 2616 ira
980 2553 1039 2615 dei.

258 2666 294 2724 ut
326 2659 452 2742 quidem
484 2660 597 2741 legitur
628 2662 661 2724 in
684 2661 791 2726 codiee
816 2661 1080 2744 Laurentiann²l‚
1115 2661 1198 2746 quod
1220 2661 1345 2743 neseio,
1380 2680 1419 2725 an

258 2770 374 2835 iniuria
405 2770 541 2836 editores
575 2773 764 2837 mutaverint
796 2773 828 2836 in
857 2771 1014 2857 „depulit”
1043 2771 1091 2838 vel
1115 2771 1315 2856 „compuliut
1362 2773 1414 2852 Ar,

260 2881 334 2965 quin
359 2881 418 2946 hee
440 2900 563 2946 carmen
587 2887 658 2946 ante
681 2881 798 2948 lomes
813 2890 999 2968 conspectus
1016 2890 1115 2948 ortum
1132 2883 1184 2964 sit,
1208 2882 1337 2947 dubium
1356 2900 1417 2947 neu

261 2999 317 3058 est.
361 2990 415 3056 Sia
436 2991 532 3073 igitur
553 2992 649 3058 verbu
671 2992 739 3073 illu,
769 2993 808 3058 de
831 2993 943 3077 quibus
972 2994 1076 3074 agitur
1097 2992 1246 3077 explicari
1268 2998 1418 3078 possunt:

260 3101 330 3186 „Me
357 3103 473 3168 Caesar
498 3103 652 3169 immensa
678 3105 778 3169 maria
805 3123 987 3189 percurrere
1013 3111 1044 3170 et
1073 3105 1106 3168 in
1131 3101 1292 3188 Scythiam
1316 3123 1416 3186 usque

262 3212 413 3279 desedere
435 3215 557 3280 iussit.''
601 3214 704 3292 Quare
726 3235 789 3280 non
813 3222 875 3294 est,
899 3216 1009 3280 turin
1033 3215 1144 3280 itinere
1166 3214 1267 3280 navali
1291 3233 1417 3280 carmen

260 3341 383 3407 queque
405 3323 429 3406 l,
452 3323 475 3390 5*
509 3327 717 3410 compositum
752 3345 821 3391 esse
843 3345 1002 3407 negamus.
1027 3363 1066 3372 -
1089 3324 1152 3390 lum
1176 3325 1352 3390 adsedimus
1377 3323 1416 3388 ad

261 3451 386 3499 tarmen
408 3435 557 3520 primunr,
581 3436 664 3519 qued
683 3442 750 3502 tute
766 3436 893 3504 demum
908 3436 988 3502 libre
1004 3435 1146 3502 absoluto
1163 3437 1320 3502 uenditum
1338 3455 1418 3518 esse,

259 3543 333 3610 iude
367 3543 458 3611 laaila
491 3545 699 3628 intellegitur,
734 3547 817 3631 quud
846 3548 884 3613 de
908 3547 1022 3613 edendi
1044 3548 1165 3613 ratione
1187 3547 1321 3632 plurima
1344 3565 1420 3632 prn-

260 3657 401 3722 leruutnr
428 3659 503 3742 (ul
527 3659 609 3742 sqq.)
653 3657 724 3723 Due
747 3664 847 3724 autem
878 3658 942 3723 luei·
963 3664 1050 3739 sunt,
1080 3679 1097 3725 e
1120 3658 1234 3743 quibus
1256 3659 1436 3744 seripturis·

262 3767 404 3832 eondieio
430 3770 628 3849 eegnuseitur
650 3788 677 3833 v.
695 3770 735 3832 41
761 3789 843 3852 sqq.:

412 3879 558 3944 Carmina
579 3899 739 3944 seaessum
761 3883 929 3946 scribentis
951 3886 984 3946 et
1004 3883 1071 3947 otia
1092 3886 1261 3963 quaerunt:

462 3989 512 4054 lle
533 4010 630 4070 mare,
653 4009 705 4056 me
726 3994 822 4071 venti,
845 4011 895 4056 nre
917 3994 985 4057 fera
1004 3973 1103 4057 laetat
1121 3994 1244 4084 ‘hiems'

260 4111 460 4120 m—

334 4177 355 4246 r)
374 4177 414 4231 De
432 4177 560 4232 Getarum
588 4179 695 4236 nomine
714 4151 844 4240 Thrauiae
871 4179 969 4236 ineolis
996 4180 1083 4236 indito
1102 4179 1136 4233 al.
1156 4180 1224 4236 Stat.
1244 4179 1309 4236 Silv.
1321 4179 1375 4248 ΙΙΙ,
1395 4181 1420 4248 l,

265 4269 304 4326 17.
322 4269 358 4325 id.
377 4271 460 4326 Theb.
483 4271 519 4340 12,
537 4272 595 4326 478.

328 4361 352 4433 2)
371 4363 420 4420 ci:
439 4363 525 4419 Riesii
543 4365 857 4436 apparatunrcritieum:
884 4367 968 4436 praef.
986 4367 1026 4421 ed.
1046 4384 1072 4436 p.
1084 4339 1173 4421 xxm.
