3178 5018
646 373 856 436 -ec-

183 607 185 610 .
251 557 339 632 Quae
366 556 485 640 prioris
513 558 666 641 temporis
693 563 875 638 argumenta
901 559 1003 624 etiam
1027 564 1179 640 augentur
1206 565 1337 626 etcou·

165 665 332 732 firmantur
360 668 504 752 inspectu
532 667 629 734 altera
655 669 791 761 epistpla
818 669 920 734 eidem
948 671 1055 736 missa.
1107 667 1198 746 Quae
1228 675 1334 736 autem

165 777 248 842 inter
282 777 339 842 has
372 778 450 845 duas
471 779 634 864 ‘epistolas
670 781 750 844 ratio
778 780 962 848 intercedat
997 779 1088 846 inuiis
1125 781 1334 862 cognoscitur.
1419 769 1420 777 ¹

119 953 141 964 ,.
165 886 310 974 Epistola
338 891 423 954 enim
452 889 495 970 li,
519 891 737 974 drespondat
756 898 860 976 poeta
888 892 927 956 ad
951 890 1116 976 epistolam
1140 911 1158 956 a
1181 889 1334 957 Graecino

165 1006 346 1084 acceptam,
378 1002 468 1068 cuitus
495 1009 712 1082 argumentum
740 1022 910 1086 possumus
934 1002 1038 1086 aliqu'a
1061 1021 1132 1068 cum
1154 1001 1335 1068 verisimili·

165 1110 278 1176 tudine
307 1132 345 1178 ax
372 1110 475 1176 Ovidii
504 1111 607 1177 verbis
636 1113 728 1180 nobis
756 1113 939 1198 depingere
956 1114 1004 1178 his
1033 1113 1167 1180 manime
1189 1113 1334 1180 versibus

165 1222 200 1285 in
215 1243 320 1286 usum
343 1224 471 1301 voratis,
496 1222 533 1303 ti,
551 1225 581 1304 6,
606 1227 724 1308 5⁸qu
834 1256 838 1262 ·

201 1357 224 1390 :a
320 1334 469 1414 Corripio,
492 1341 530 1398 nt
550 1337 657 1415 debes,
680 1337 774 1400 stulti
797 1339 927 1416 peecata
949 1336 1085 1414 sedulia,

369 1445 416 1510 ut
429 1448 514 1510 mela
536 1467 586 1511 me
608 1449 731 1512 meritis
753 1449 834 1510 ferre
856 1448 980 1512 minora
1002 1447 1104 1510 doces.

320 1555 400 1624 Vera
422 1559 510 1635 facia,
534 1559 592 1620 sed·
612 1561 683 1621 sera
700 1577 793 1626 *meae
817 1558 960 1622 convicia
982 1558 1109 1637 culpae:

370 1668 494 1748 Aspera
516 1669 658 1732 confesso
681 1671 779 1734 verba
801 1670 926 1734 remitte
949 1667 1018 1732 reo!
1057 1727 1060 1732 .

257 1776 400 1842 Graviter
428 1779 525 1859 igitur
552 1777 725 1843 Graecinus
754 1780 785 1843 in
810 1779 957 1842 Ovidium
984 1757 1234 1860 invectnsarat,
1264 1798 1335 1844 euru

167 1907 274 1952 reram
303 1887 386 1953 exilii
416 1908 541 1954 causam
571 1890 785 1973 comperisset.
836 1887 898 1954 Sed
931 1887 1010 1956 hoec
1032 1882 1245 1972 reprehensio
1269 1909 1333 1954 nou

74 2069 77 2090 .‚
166 2018 225 2066 suo
248 2006 400 2082 tempore,
425 1999 480 2064 sed
505 2019 574 2064 sero
589 2001 680 2064 ‘tecta
703 2007 751 2064 est
773 2003 810 2064 cf.
834 2019 861 2063 v.
879 2001 898 2063 9
914 2019 976 2082 sq.:

319 2110 398 2175 Cum
419 2114 563 2192 poteram
584 2114 671 2176 recto
693 2112 830 2176 transire
853 2111 1008 2179 Ceraunia
1029 2090 1109 2190 velo,

370 2222 415 2286 Ut
435 2223 501 2288 fera
522 2223 658 2290 vitarem
680 2237 768 2301 sexa,
791 2223 968 2288 monendus
991 2240 1086 2287 eram.

171 2369 173 2374 ·
246 2332 359 2416 Neque
382 2339 486 2397 tamen
511 2333 647 2414 amicus,
672 2353 733 2416 qua
756 2341 822 2398 erat
843 2330 1048 2412 humanitate,
1073 2330 1196 2398 solandi
1220 2351 1334 2398 munus

66 2445 69 2454 “
165 2444 333 2528 suscipere
357 2444 544 2524 dedignatus
568 2451 617 2510 est
640 2465 668 2508 v.
687 2445 725 2510 13
742 2463 825 2527 squ:

320 2555 455 2618 Brachia
479 2557 518 2618 da
541 2557 625 2618 lasso
648 2557 756 2635 potius
779 2557 961 2635 prendenda
983 2555 1119 2633 natanti,

372 2667 437 2730 Nee
453 2667 567 2746 pigeat
589 2671 699 2732 mento
719 2668 928 2746 supposuisse
951 2665 1096 2732 manum!

318 2778 418 2858 quue
439 2778 527 2856 furis,
551 2778 712 2856 faciasque
735 2795 853 2857 precor.
878 2827 885 2840 .
975 2827 981 2840 .

168 2949 171 2956 .
240 2886 462 2964 ¹Quamobrem
485 2887 604 2967 gratias
628 2887 657 2950 ei
673 2887 739 2967 agit
750 2885 893 2966 Ovidius,
910 2886 1052 2970 petitque
1067 2887 1111 2952 ab·
1123 2907 1170 2967 eo,
1188 2894 1223 2952 ut
1236 2887 1330 2952 fidem

165 2999 240 3068 sibi
254 3008 357 3068 serrat
378 3019 407 3065 v.
430 2998 472 3063 35
495 3017 557 3080 sq.:

319 3110 380 3174 Fae
401 3113 496 3174 modo
519 3127 705 3189 permaneas
728 3110 824 3187 lasso,
848 3109 1008 3186 Graec-ine,
1031 3107 1146 3186 tidelis,

207 3305 210 3311 Ι
258 3248 260 3250 ·
369 3222 468 3286 lieret
491 3226 522 3285 ct
545 3223 576 3285 in
600 3223 711 3298 longas
734 3221 873 3300 impetus
896 3221 957 3282 iste
979 3219 1099 3284 moras!

167 3376 171 3381 -
227 3329 431 3412 -Quaeritnr,
472 3352 607 3416 quonum
645 3339 790 3415 tempore
823 3329 996 3396 Graecinus
1031 3328 1144 3396 Ouidio
1179 3330 1335 3398 eiusmodi

165 3443 333 3527 epistolam
367 3445 490 3512 mittere
524 3443 670 3528 potuerit.
716 3425 835 3525 Nempe
857 3447 936 3523 tum,
959 3461 1028 3509 eum
1053 3443 1190 3526 primum
1214 3442 1333 3512 crimen

165 3555 235 3620 eins
258 3555 484 3638 comperisset?
530 3554 619 3632 Quod
657 3553 740 3618 enim
766 3554 876 3636 „sera”
899 3553 1048 3618 dicuutur
1081 3551 1227 3619 Gtaecini
1260 3572 1337 3620 con·

10 3645 11 3652 ¹
69 3732 71 3737 ,
166 3667 247 3731 vicia
290 3670 330 3742 (v.
356 3667 399 3749 7),
438 3686 476 3730 eo
509 3667 667 3750 posterius
701 3671 826 3749 tempus
861 3683 925 3730 non
948 3663 1125 3730 indicatur„
1158 3662 1228 3730 Nou
1251 3664 1335 3729 anim

165 3777 324 3844 disceruit
345 3783 439 3862 poeta
453 3777 599 3862 ,primum
622 3783 694 3861 post
717 3775 840 3861 culpam
865 3775 1035 3840 admissam
1052 3779 1179 3858 tempus
1195 3774 1352 3859 aposte'

165 3889 266 3966 riore,
291 3888 420 3971 sedid,
445 3907 506 3972 qno
530 3887 639 3952 vitium
664 3888 757 3952 etiam
782 3886 876 3952 vitari
899 3883 1076 3971 potuitab
1099 3905 1149 3966 eo,
1174 3895 1234 3968 quo
1250 3905 1336 3970 poe-

165 4021 238 4066 nam
277 4001 338 4067 iam
370 4004 526 4084 ,expertus
564 4006 638 4064 erat.
662 4033 701 4046 ·-
727 3996 825 4062 Porro
862 4015 997 4080 quonam
1031 4002 1174 4080 tempore
1203 3994 1337 4062 Ovidius

166 4131 263 4178 orare
282 4111 398 4196 potuit,
423 4117 458 4176 ut
478 4115 682 4194 permaneret
703 4109 804 4176 amieo
829 4109 966 4192 impetus
982 4106 1033 4174 ille
1052 4107 1167 4172 amoris
1191 4106 1212 4172 i.
1225 4121 1251 4173 e.
1269 4107 1353 4192 pri·-

166 4243 253 4288 mum
277 4223 345 4288 aius
370 4221 444 4286 tidei
468 4221 500 4286 in
516 4207 713 4306 perpetuum
723 4219 895 4284 servandae
912 4217 1097 4283 eonsilium?
1120 4217 1242 4303 Nempe
1258 4225 1336 4299 tum,

165 4351 236 4399 cum
271 4334 407 4419 primum
441 4332 495 4398 ille
529 4329 652 4398 solandi
681 4349 885 4404 manusnon
920 4327 1097 4420 aversatus
1115 4327 1282 4414 epistolem
1307 4329 1338 4394 ei
