3184 5008
681 295 921 410 435ss

203 529 319 598 fantum
338 551 417 596 esse.
450 529 641 600 brandesius
657 539 760 600 autem
778 535 821 619 (p.
839 535 915 618 356)
931 537 1042 604 merito
1062 536 1221 624 aMayero
1238 541 1282 624 (p.
1293 540 1372 624 457)
1392 551 1393 555 ’

202 642 352 726 explosus
368 649 426 725 est,
451 644 534 727 quod
557 664 671 728 „saeva
685 644 786 710 bella“
809 665 872 712 non
895 648 1005 714 referri
1029 668 1122 733 posse
1145 649 1307 716 contendit
1329 649 1369 716 ad
1410 726 1413 738 ,

203 773 274 844 eam
310 754 558 838 expeditionem,
593 775 655 838 qua
689 755 834 852 Tiberius
869 756 957 824 elada
991 758 1126 824 Variana
1156 760 1301 836 mundata
1334 761 1373 826 ad

206 861 346 928 Rhenum
377 866 534 947 profectus
564 871 626 946 est,
656 865 712 931 sed
739 868 918 934 necessario
948 869 987 934 ad
1016 869 1130 941 bellum
1158 869 1373 939 Pannonicum

208 975 349 1039 nondum
384 976 564 1042 extinctum.
610 977 687 1044 Cum
722 977 827 1060 igitur
852 979 989 1044 disoerni
1023 1000 1085 1046 uon
1119 983 1238 1066 possit,¹
1268 979 1373 1048 utrum

206 1085 313 1150 clades
327 1085 464 1152 Variana
479 1086 591 1152 Ouidio
607 1083 669 1152 iam
692 1091 817 1170 cognita
830 1091 925 1176 luerit
946 1111 1056 1173 neone,
1081 1100 1198 1158 eertum
1221 1095 1373 1184 temporis

203 1195 356 1261 indioium
380 1217 418 1261 ex
440 1196 499 1262 hoo
520 1197 588 1264 loco
612 1203 721 1283 petere
744 1221 806 1266 non
829 1201 911 1268 lieet

213 1356 218 1364 .
290 1307 385 1374 Multo
411 1307 480 1392 plus
504 1309 654 1394 ponderis
679 1311 793 1376 habere
817 1312 962 1376 videntur
985 1333 1093 1380 versus
1119 1314 1180 1380 225
1197 1335 1279 1397 sqq:

354 1419 447 1486 Nune
469 1422 532 1484 tibi
553 1421 717 1510 Pannonia
739 1428 797 1503 est,
820 1444 905 1490 nuno
927 1425 1033 1505 Illyris
1056 1445 1112 1488 ora
1134 1427 1301 1506 domanda,

405 1533 557 1596 Rhoetion
578 1553 663 1598 nuno
685 1537 838 1614 praebent
861 1536 1041 1616 Titaniaque
1064 1555 1153 1602 arma
1175 1540 1306 1617 metum,

354 1642 447 1706 Nune
470 1645 551 1724 petit
573 1643 744 1710 Armenius
767 1665 887 1726 paoem,
910 1667 993 1710 unnr
1017 1650 1150 1728 pouigit
1173 1667 1265 1712 arens

344 1801 346 1808 Α
405 1755 541 1820 Parthus
565 1773 660 1836 eques
682 1757 797 1820 timida
819 1761 975 1837 raptaque
998 1759 1225 1836 signensem

353 1863 446 1929 Nune
468 1869 500 1928 te
523 1867 609 1946 prole
631 1870 688 1930 tua
709 1868 855 1930 iuuenem
879 1867 1047 1932 Germania
1069 1871 1176 1946 sentit,
1293 1875 1296 1882 '

233 2050 236 2057 Ι
404 1977 555 2057 Bellaque
577 1996 633 2057 pro
656 1996 771 2055 magno
795 1977 926 2042 Caesare
949 1979 1063 2042 (laesar
1085 1981 1160 2058 agit.

123 2165 127 2174 .
287 2085 482 2170 Quamquam
500 2108 579 2171 quae
600 2087 679 2151 bella
692 2088 833 2154 versibus
854 2091 1022 2154 ‘lio-add
1038 2090 1265 2170 significantur,
1287 2111 1307 2153 e
1324 2090 1372 2154 di-

204 2198 393 2263 versissimis
412 2198 606 2282 temporibus
623 2197 754 2268 eolleeta
769 2208 852 2279 sunt,
877 2201 921 2262 ita
947 2207 981 2264 ut
1007 2206 1090 2264 reete
1108 2200 1299 2266 Brandesius
1324 2203 1370 2286 (p.

202 2309 264 2374 355
277 2312 339 2392 sq.)
363 2309 516 2393 epistolae
532 2317 656 2393 tempus
677 2331 714 2374 ex
726 2310 772 2376 eis
792 2311 939 2392 eognosoi
957 2331 1050 2394 posse
1064 2311 1232 2392 negaverit.
1256 2309 1372 2376 Ultimo

200 2427 305 2484 autem
324 2420 459 2484 distielro
476 2418 556 2484 efflei
580 2421 712 2499 videtur,
738 2421 897 2487 Tiberium
922 2423 983 2486 iem
1002 2422 1039 2486 ad
1053 2421 1196 2486 Rhenum
1222 2423 1372 2488 exercitui

202 2549 362 2614 praeesse,
388 2550 448 2613 quo
472 2538 545 2615 post
567 2531 686 2598 sladem
711 2531 834 2596 demum
858 2533 1027 2598 Varianam
1048 2553 1119 2596 eum
1145 2533 1276 2597 missum
1302 2553 1373 2598 esse

200 2649 349 2708 constat·
366 2640 442 2706 Sed
465 2642 571 2725 priore
594 2662 717 2728 quoque
740 2651 892 2726 tempore,
921 2645 1045 2708 vivente
1073 2644 1234 2720 etiamtum
1264 2643 1370 2708 Druso

201 2753 331 2833 maiore,
347 2752 493 2818 Tiberius
510 2759 617 2818 eontra
634 2753 805 2819 Germanos
824 2755 980 2838 pugnavit.
1010 2753 1118 2836 Neque
1130 2755 1251 2818 etiamsi
1266 2762 1372 2838 poste·

201 2865 316 2928 riorem
342 2862 426 2928 illam
444 2864 675 2948 expeditionem
695 2865 756 2928 diei
770 2870 991 2944 statueremus,
1006 2865 1177 2947 quidquam
1192 2865 1265 2929 inde
1280 2885 1370 2948 prae-

202 2974 277 3040 sidii
297 2975 553 3040 nanoiseeremur
570 2979 626 3040 aut
642 2975 677 3038 ad
692 2994 807 3039 anuum
822 2974 919 3038 eladis
935 2974 1087 3040 Varianae
1105 2975 1289 3053 eruendum,
1307 2982 1371 3056 aut,

200 3085 229 3150 si
243 3085 282 3150 de
299 3085 358 3150 hoe
372 3105 436 3150 non
453 3086 658 3165 dubitaretur,
686 3085 725 3152 ad
746 3085 945 3166 relegationis
962 3090 1088 3169 tempus
1104 3087 1372 3169 constituendum,

204 3197 459 3280 quandoquidem
478 3202 604 3282 poetam
620 3215 677 3280 per
691 3197 817 3276 longius
833 3201 956 3280 tempus
980 3195 1013 3259 in
1036 3195 1116 3260 libro
1141 3197 1279 3262 seeundo
1301 3197 1368 3262 ela·

203 3307 331 3372 borasse
354 3312 450 3392 patet.
473 3346 515 3354 —
538 3307 784 3389 Simillimaest‚
807 3309 949 3372 eondioio
974 3326 1120 3372 versuum
1140 3309 1201 3372 233
1221 3328 1280 3391 sq:

354 3419 444 3484 Urbs
463 3438 588 3500 quoque
609 3424 641 3484 te
663 3424 694 3483 et
716 3421 824 3498 legum
846 3421 947 3485 lassat
969 3420 1072 3484 tutela
1093 3424 1222 3484 tuarum

406 3529 445 3594 Et
466 3548 600 3609 morum,
624 3531 755 3610 similes,
779 3548 859 3609 (quos
881 3530 971 3610 eupis
995 3549 1064 3594 esse
1082 3533 1158 3596 tuis.

289 3639 367 3706 Cum
393 3639 475 3703 enim
499 3658 580 3703 anno
599 3640 701 3712 762l9
718 3638 769 3703 lex
785 3638 884 3722 Papia
896 3636 1044 3724 Poppaea
1060 3640 1099 3706 de
1114 3640 1299 3706 maritandis
1318 3661 1369 3706 or-

203 3750 333 3816 dinibus
356 3750 555 3836 promulgata
578 3751 628 3832 sit,
662 3750 706 3815 nil
741 3751 886 3834 impedit,
912 3753 1083 3836 quominus
1108 3773 1175 3817 eam
1201 3752 1371 3834 significari

205 3869 388 3930 statuamus.
433 3861 496 3928 Sed
528 3881 598 3926 eum
623 3861 718 3928 verba
746 3860 828 3927 haud
856 3863 960 3928 miuus
989 3868 1061 3948 apte
1084 3864 1124 3928 ad
1147 3884 1256 3928 omnes
1281 3883 1372 3928 ouras

206 3973 276 4038 illas
300 3975 409 4040 referri
431 3974 565 4060 possint,
591 3993 670 4056 quoe
686 3975 848 4054 Augustus
869 3975 942 4040 inde
966 3974 1004 4040 ab
1029 3995 1110 4043 anno
1130 3977 1191 4040 tae
1214 3976 1282 4058 (eft.
1299 3975 1371 4040 Tae.

209 4089 291 4151 Ann.
309 4085 361 4166 lll,
388 4086 441 4170 28)
465 4086 579 4149 oinium
605 4084 744 4149 moribus
767 4085 934 4169 impendit,
957 4106 997 4151 ne
1020 4087 1047 4152 is
1072 4085 1198 4169 quidem
1221 4084 1309 4151 loeus
1333 4085 1373 4150 ad

193 4203 382 4286 'temporum
407 4197 622 4281 quaestionem
646 4193 789 4262 adhiberi
814 4202 926 4282 potest.

1169 4315 1199 4370 3*
